2714 4570
673 227 733 270 110

80 423 81 428 ’
114 461 117 467 .
167 429 242 470 esse
266 408 452 482 confitetur,
480 418 515 470 et
537 408 629 488 quod
656 407 730 488 ipse
759 409 884 489 »prelis
911 409 1076 471 interesse
1098 428 1166 470 non
1185 429 1242 490 po

168 494 260 566 tuit«,
284 493 435 574 queritur
457 493 492 554 in
514 491 777 574 prolegomenis,

251 600 443 687 Nouissime
482 620 587 680 opera
626 598 844 663 Archimedis
879 601 971 662 edita
1004 611 1083 663 sunt
1117 600 1244 665 Oxonii

170 728 247 788 1792
262 707 336 780 fol.;
359 708 447 770 hanc
459 707 643 769 editionem
654 707 788 788 parauit
810 708 1010 788 Iosephus
1032 709 1244 770 Torellius

165 805 384 888 U'eronensiS,
416 815 468 876 ed.
498 813 732 877 Basileensem
759 815 909 878 maxime
939 825 1092 890 secutuS,
1122 817 1244 878 collato

165 931 281 984 tamen
304 922 420 984 codice
444 923 592 1002 quodam
614 921 759 996 Uenet0,
792 922 886 984 cuius
915 922 1028 984 uarias
1058 923 1244 1004 scripturas

165 1027 206 1090 in'
222 1029 377 1111 margine
401 1029 558 1091 editionis
580 1049 708 1111 ponere
731 1030 765 1091 in
788 1029 900 1091 animo
923 1030 1060 1092 eierat.
1089 1033 1139 1112 11)
1173 1029 1248 1093 Sed

167 1156 252 1210 cum,
284 1145 363 1199 ante
386 1155 490 1215 quam
513 1155 598 1217 opus
621 1136 656 1198 in
678 1137 788 1198 lucem
810 1137 970 1217 prodiret,
1001 1147 1190 1199 moreretur
1211 1157 1246 1199 a.

170 1250 265 1326 1781,
302 1246 448 1308 heredes
476 1247 561 1320 eius,
596 1231 828 1324 intercedente
862 1246 1021 1327 Philippo
1056 1245 1245 1328 Stanhope,

165 1373 250 1433 opus
273 1354 443 1433 inceptum
466 1353 676 1416 Academiae
696 1353 884 1416 Oxoniensi
905 1355 1128 1428 tradiderunt,
1152 1355 1245 1416 cuius

167 1461 356 1540 sumptibus
379 1461 560 1522 editionem
576 1462 706 1523 curauit
722 1460 896 1523 Abramus
914 1461 1115 1536 Robertson
1128 1461 1246 1542 (praef.

166 1587 199 1647 p.
235 1566 314 1648 [Il]).
370 1567 465 1630 Idem
500 1569 697 1630 collationes
731 1569 885 1630 codicum
919 1569 1068 1648 quinque
1104 1569 1248 1643 addidit,

167 1693 310 1753 quorum
350 1675 611 1755 descriptionem
640 1677 790 1738 continet
829 1676 936 1757 praef.
976 1696 1008 1756 p.
1051 1675 1110 1757 [H]
1123 1714 1143 1721 -
1158 1675 1247 1757 [IV].

167 1779 339 1843 Gloriatur
372 1781 551 1858 Torellius,
586 1785 678 1862 quod
709 1783 954 1845 Archimedem
987 1793 1096 1844 totum
1131 1784 1180 1845 ita
1213 1783 1249 1845 in

166 1887 337 1969 integrum
359 1891 550 1964 restituerit,
575 1901 631 1952 »ut
661 1891 743 1952 nihil
770 1891 838 1951 iam
867 1891 911 1953 sit
937 1891 971 1952 in
1000 1890 1073 1952 eius
1100 1891 1250 1971 scriptis

167 1998 259 2073 quod
297 1995 514 2059 Geometriae
554 1999 700 2078 peritum
733 1998 857 2059 morari
890 1999 1018 2079 possit«
1055 1997 1098 2078 (p.
1125 1997 1249 2078 XIV).

167 2102 268 2183 Quod
302 2124 403 2183 quam
436 2125 505 2166 non
535 2125 655 2183 uerum
688 2105 746 2179 sit,
781 2125 826 2166 ex
858 2106 924 2166 hac
957 2104 1252 2185 disputatiuncula

167 2211 250 2271 satis
273 2231 442 2292 superque
466 2213 653 2292 adparebit.
704 2211 775 2276 Sed
805 2213 911 2282 multa
940 2211 1163 2274 Robertsono
1187 2213 1251 2274 im»

166 2319 319 2398 putanda
342 2339 418 2381 esse
441 2319 615 2393 uidentur,
644 2320 702 2400 qui
731 2320 765 2380 in
794 2339 898 2400 opere
927 2319 1019 2400 typis
1047 2321 1251 2381 mandando

166 2425 468 2505 neglegentissime
500 2438 655 2489 uersatus
678 2437 738 2489 est.
790 2426 843 2487 Ne
874 2427 1071 2488 collationes
1106 2427 1252 2506 quidem

167 2533 250 2593 satis
272 2532 340 2595 fide
364 2534 487 2616 dignas
510 2555 595 2607 esse,
619 2535 686 2596 iam
709 2554 811 2614 supra
834 2535 942 2596 docui.
991 2535 1039 2615 12)

255 2662 300 2702 11.
355 2641 467 2704 Praef.
503 2663 535 2722 p.
559 2641 665 2704 XIII:
706 2640 769 2702 >>Α.
806 2641 912 2702 libros
945 2643 1251 2722 recognoscendos

166 2727 313 2806 suscepi,
336 2747 416 2788 usus
440 2727 586 2788 editione
608 2726 812 2798 Basileensi,
836 2745 926 2806 quae
947 2727 991 2787 ab
1021 2726 1163 2805 antiquo
1191 2747 1251 2789 co·

167 2809 242 2870 dice
265 2805 428 2892 singulari
449 2811 518 2873 fide
542 2812 712 2891 descripta
742 2831 818 2872 cum
845 2809 955 2884 fuerit,
989 2810 1116 2872 codicis
1139 2811 1249 2892 ipsius
1347 2867 1348 2872 ,

166 2893 241 2955 loco
264 2896 424 2957 habenda
447 2907 528 2959 est«
577 2896 724 2976 Ibidp.
754 2894 860 2958 XVI:
891 2895 996 2958 »Cum
1024 2895 1149 2957 certior
1177 2895 1249 2957 fac-

166 2985 221 3038 tus
244 3000 355 3041 essem
377 2983 633 3044 membraneum
656 2981 821 3053 codicem,
845 3001 948 3061 quem
969 2980 1120 3041 maxime
1144 2999 1248 3060 cupe-

166 3082 247 3137 rem,
261 3064 417 3128 Venetiis
435 3067 612 3139 asservari,
631 3066 762 3139 curavi,
793 3075 830 3126 ut
852 3066 967 3126 statim
990 3065 1249 3126 examinaretur
1347 3099 1348 3104 1

167 3165 322 3230 quaeque
345 3151 440 3213 varia
462 3153 496 3212 in
519 3172 561 3213 eo
584 3160 713 3226 essent,
742 3151 852 3212 missis
874 3150 1058 3214 levioribus
1082 3159 1117 3210 et
1139 3148 1247 3211 inani-

166 3234 246 3307 buS,
286 3236 581 3316 describerentur:v
709 3234 811 3296 ‘Non
850 3234 1058 3315 ..poenituit
1090 3235 1245 3295 codicem

166 3317 258 3378 illum
281 3322 496 3383 consuluisse.
542 3321 631 3382 Nam
654 3322 823 3400 quaedam
845 3318 880 3380 in
902 3340 942 3382 eo
966 3319 1147 3381 emendate
1169 3339 1245 3399 per-

167 3403 293 3482 scripta
316 3415 420 3479 erant,
445 3407 566 3485 quibus
589 3426 705 3468 eorum
727 3405 902 3478 nonnulla,
934 3424 1022 3483 quae
1045 3404 1119 3483 ipse
1142 3403 1246 3465 conii-

165 3487 287 3549 ciendo
320 3492 572 3570 suppleveram,
614 3493 641 3552 si
674 3489 811 3552 omnino
848 3489 1086 3561 consentirent,
1125 3487 1244 3549 confir-

166 3573 266 3645 mavi,
290 3585 349 3636 aut
377 3576 405 3636 si
433 3597 501 3654 qua
531 3595 576 3638 ex
603 3586 701 3656 parte
730 3575 978 3655 discreparent,
1009 3572 1177 3653 perpolivi
1205 3593 1244 3634 ac

166 3659 309 3720 retexui.
354 3659 443 3739 Quin
468 3661 570 3721 etiam
597 3661 710 3722 varias
739 3680 784 3720 ex
815 3679 856 3720 eo
885 3659 1049 3721 lectiones
1075 3657 1242 3738 excerpsi,

167 3762 304 3822 easque,
327 3755 365 3806 ut
388 3745 516 3824 optima
539 3765 695 3824 quaeque
724 3745 798 3806 visa
821 3754 888 3818 est,
919 3753 1074 3806 extremo
1097 3743 1243 3823 margini

168 3828 342 3909 adscripsi,
366 3830 501 3891 reiectis
524 3831 595 3903 illis,
618 3833 709 3892 unde
731 3831 842 3891 nullus
861 3839 918 3892 ‚est
938 3848 1028 3901 usuS,
1051 3829 1112 3889 sed
1135 3827 1245 3888 inanis

168 3915 338 3991 quaedam
361 3915 558 3996 diligentiae
582 3915 816 3977 ostentatio«
844 3915 964 3992 Itaque
988 3915 1147 3993 adparet,
1176 3931 1244 3973 non

166 4018 285 4059 omnes
315 4000 498 4080 scripturas
527 4001 599 4062 cod.
631 4000 758 4062 Ueneti
792 4008 948 4061 enotatas
976 4017 1061 4060 esse.
1111 3995 1242 4058 Eodem

166 4084 241 4145 loco
264 4085 367 4145 etiam
391 4085 573 4164 scripturas
597 4087 648 4147 ed.
672 4085 785 4158 Basil,
809 4105 894 4164 quas
917 4084 1141 4164 improbaret,
1165 4101 1244 4143 con-
