2714 4570
620 296 677 370 18q
786 379 790 386 Ι

106 495 181 575 μῶν·
204 494 221 553 ό
243 494 276 554 δὲ
297 491 401 573 όγδυος
421 499 474 561 τᾶς
494 491 631 575 δευτέρας
651 492 775 559 όκτάδος
794 492 854 554 ἐστὶ
869 495 954 578 χιλίαι
971 493 1109 576 μυριάδες
1125 495 1182 552 τῶν

83 638 86 646 v
109 604 253 684 δευτέρων
275 603 411 684 ἀριθμῶν.
440 603 517 662 πάλιν
547 602 581 662 δὲ
610 603 656 661 καὶ
683 607 734 668 τᾶς
761 605 859 682 τρίτας
879 602 1038 668 όιιτάδοςά
1060 603 1179 682 πρῶτος,

109 711 170 772 ἐπεὶ
199 709 395 771 δεκαπλασίων
423 708 483 769 ἐστὶ
511 711 561 768 τοῦ
589 709 643 789 πρὸ
666 709 763 780 αὐτοῦ,
783 711 879 792 μυρίαι
898 710 1036 791 μυριάδες
1055 705 1182 769 ’ἐσσείται

109 823 166 881 τῶν
206 817 347 899 δευτέρων
387 815 525 898 ἀοιδμῶν.
565 814 649 882 οὗτος
690 817 726 876 δέ
762 813 833 878 ἐστι’
858 819 949 898 μονὰς
986 821 1041 877 τῶν
1080 819 1181 898 τρίτων

108 927 248 1009 ἀοιδμῶν·
292 927 415 1007 φανερόν
459 923 501 994 δέ,
549 925 591 986 ότι
628 927 674 986 καὶ
711 925 861 986 ὁποσοιοῦν
901 926 1023 992 δκτάδες
1064 923 1179 1001 ἑξοῦντι,
1253 933 1257 944 “

1223 1005 1252 1064 6.

108 1141 237 1224 ἀριθμῶν
287 1141 342 1200 ἀπὸ
385 1145 438 1207 τᾶς
476 1140 601 1222 μονάδος
642 1141 778 1222 ἀνάλογον
823 1137 935 1220 ἐόντων,
979 1143 1180 1203 πολλαπλασιά-
1239 1197 1243 1204 .

107 1034 150 1101 ὡς
179 1034 295 1116 εζοὴται.
328 1033 469 1117 χρήσιμον
503 1032 538 1092 δέ
568 1029 627 1093 ἐστι
659 1034 705 1092 καί
734 1033 802 1094 τόδε
831 1034 1045 1114 γινωσκόμενον·
1079 1031 1107 1092 εἴ
1131 1055 1178 1104 κα,

110 1251 197 1328 ζωντί
221 1272 293 1316 τινες
319 1251 454 1317 ἀλλάλους
480 1253 535 1310 τῶν
565 1247 598 1310 εἰι
621 1254 674 1317 τᾶς
693 1249 783 1316 αδτᾶς
802 1249 959 1329 ἀναλογίας,
991 1250 1199 1332 όγενόμενος,

107 1362 215 1441 όροίως
241 1357 366 1421 ἐσσεῖται
395 1355 428 1418 ἐκ
457 1365 509 1424 τᾶς
536 1357 626 1424 αὐτᾶς
652 1358 810 1438 ἀναλογίας,
841 1359 957 1443 ἀπέχων
979 1359 1034 1418 ἀπὸ
1053 1359 1107 1440 μὲν
1129 1361 1179 1419 τοῦ

104 1467 241 1549 μείζονος
260 1469 315 1526 τῶν
337 1465 635 1536 πολλαπλασιαξάντων
657 1463 800 1542 ἀλλάλους,
824 1465 909 1534 όσυυς
929 1468 945 1526 ό
967 1464 1099 1530 ἐλάσσων
1121 1469 1178 1527 τῶν

106 1569 407 1642 πολλαπλασιαξάντων
439 1573 495 1632 ἀπὸ
520 1573 649 1652 μονάδος
675 1570 813 1654 ἀνάλογον
841 1573 949 1659 ἀπέχει,
982 1575 1037 1635 ἀπό
1067 1575 1101 1636 δὲ
1128 1581 1180 1641 τάς

104 1681 232 1763 μονάδος
246 1679 397 1761 ἀφεξεῖἓνὶ
408 1679 575 1750 ἐλάσσονας,
596 1674 613 1762 ἢ
625 1681 693 1746 όσος
703 1679 777 1744 ἐστίν
788 1681 804 1739 ό
816 1681 938 1762 ἀριθμὸς
947 1683 1176 1767 συναμφοτέρων,

108 1791 156 1857 οὓς
171 1789 305 1874 ἀπέχοντι
315 1790 370 1850 ἀπὸ
379 1788 507 1870 μονάδος
515 1791 543 1848 οἱ
553 1787 844 1864 πολλαπλασιαξάντες
853 1787 996 1857 ἀλλάλους.
1018 1789 1109 1852 ἔστων
1120 1792 1177 1873 γὰρ
1221 1806 1249 1868 7.

108 1897 229 1986 ἀόιδμοί
243 1919 316 1964 τινες
336 1897 473 1979 ἀνάλογον
495 1898 550 1958 ἀπὸ
570 1898 705 1980 μονάδος,
734 1891 763 1958 οἷ
782 1897 812 1969 Ἀ,
842 1899 876 1969 Β,
909 1899 938 1970 Γ,
968 1899 999 1971 Δ,
1030 1899 1061 1970 Ε,
1089 1899 1122 1971 Ζ,
1146 1900 1177 1972 Η,

106 2013 133 2080 θ,
158 2009 179 2076 Ι,
203 1999 236 2074 K,
260 2006 295 2068 Α·
315 2007 407 2090 μονάς
427 2005 460 2067 δὲ
483 2003 559 2067 ἔστω
581 2007 597 2066 ό
620 2008 649 2067 Α·
672 2008 719 2067 καλ
739 2008 1032 2069 πεπολλαπλασιάσθω
1053 2010 1069 2067 ό
1091 2008 1113 2069 Δ
1136 2015 1178 2090 τῷ

108 2119 134 2174 θ.
162 2116 179 2174 ό
208 2115 241 2174 δὲ
267 2115 420 2194 γενόμενος
447 2111 523 2175 ἔστω
551 2115 567 2173 ά
596 2115 631 2176 X.
661 2115 798 2196 λελάφδω
824 2116 859 2197 δὴ
888 2112 921 2176 ἐκ
950 2121 1002 2182 τᾶς
1028 2116 1180 2196 ἀναλογίας

109 2221 126 2279 ό
155 2219 191 2291 Λ,
224 2219 335 2306 ἀπέχων
362 2221 417 2281 ἀπὸ
447 2225 496 2282 τοῦ
524 2221 543 2279 θ
569 2220 729 2293 τοσούτους,
763 2223 849 2291 δσους
874 2225 890 2284 ό
920 2222 941 2283 Δ
970 2223 1025 2284 ἀπό
1051 2223 1179 2305 μονάδος
1247 2217 1249 2221 ’

196 2359 222 2422 5.
245 2357 296 2439 ὅτι]
321 2355 382 2420 ἔστι
402 2361 489 2438 FOD,
519 2361 593 2442 ἐστίν
620 2368 655 2440 Δ,
685 2365 760 2426 ἐστίν
789 2366 830 2426 ότι
852 2366 912 2425 BR.
957 2364 1003 2424 καλ
1025 2385 1081 2422 om.
1104 2362 1176 2422 AB?

110 2443 172 2502 WT
207 2444 271 2508 Bas.
328 2447 478 2508 ὁποσοιοῦν
517 2454 628 2529 scripsi,
669 2453 765 2511 πολλαι
806 2473 913 2512 omnes.
977 2449 1071 2524 ἑξοῦτι
1107 2448 1174 2506 Bau.

107 2532 134 2589 6.
148 2532 354 2611 γινωσκόμενον
373 2551 437 2592 cum
451 2534 481 2609 Ο,
503 2536 727 2617 γιγνωσκόμενον
739 2545 807 2596 cett.
820 2537 837 2615 ξ
851 2540 878 2598 1.
909 2539 937 2598 7.
951 2537 1015 2614 τᾶς]
1028 2533 1174 2615 τῆεΒΟΒι

109 2614 251 2694 διαλόγων
283 2637 354 2678 corr.
382 2620 413 2676 in
442 2618 581 2700 ἀνάλογον
610 2624 643 2682 Α.
697 2619 810 2681 ἐώντων
840 2623 888 2680 FC
912 2623 976 2682 Bas.
997 2621 1037 2691 T;
1070 2617 1175 2680 ἐόντων

111 2717 185 2781 susp.
205 2701 308 2764 RWN.
354 2704 630 2780 πολλαπλασιόζωντι
652 2727 714 2786 ego,
750 2705 1037 2774 πολλαπλασιάζοντες
1063 2725 1171 2764 omnes.

110 2785 135 2842 8.
158 2785 174 2842 ά
199 2785 352 2866 γενόμενος
371 2788 443 2861 WT,
474 2790 543 2850 όταν
571 2799 638 2852 cett.
684 2795 711 2852 9.
733 2791 787 2873 μὲν
816 2795 866 2851 τοῦ
885 2791 1027 2874 μειῖονυς]
1048 2788 1174 2866 'scripsi3

101 2951 155 3032 μὲν
178 2952 227 3014 οὖν
251 2957 335 3019 codd.
358 2958 425 3019 Bas.
448 2959 491 3032 R3
511 2960 644 3041 μείζονος
663 2963 735 3022 WT.
761 2963 890 3026 Confusa
911 2879 983 3024 ἀίει
998 2909 1021 3050 2
1038 2955 1173 3036 (εοδν).

55 3149 58 3156 Ι
106 3075 153 3135 10.
166 3067 410 3146 πολλασιαξάντων
428 3079 463 3151 Α,
487 3081 785 3150 πολλαπλασιαζάντων
803 3080 834 3144 C.
855 3082 990 3151 ἀλλάλους
1006 3105 1061 3145 om.
1080 3079 1133 3137 AD
1146 3087 1176 3137 et

104 3160 166 3216 sine
195 3160 283 3220 dubio
311 3164 400 3222 etiam
426 3163 450 3222 V
473 3172 552 3234 (nam
582 3169 694 3242 signum
718 3190 736 3226 n
759 3170 838 3248 apud
860 3169 1018 3230 Torellium
1041 3165 1114 3228 falso
1137 3165 1174 3223 ad

100 3243 151 3302 lin.
187 3245 228 3303 43
262 3241 360 3325 (apud'
381 3268 433 3310 nos
466 3251 516 3308 lin.
546 3251 577 3323 8)
612 3253 735 3312 relatum
770 3274 833 3312 esse
854 3258 947 3333 puto).
991 3256 1085 3316 bom.
1110 3251 1173 3316 AD.

99 3325 226 3387 ἐλάττων
238 3349 345 3392 omnes.
391 3335 436 3393 11.
451 3335 695 3410 πολλασιυξάντων
708 3337 734 3395 D
747 3343 850 3408 (manu
860 3348 933 3417 post.
944 3341 1086 3399 insertum
1098 3339 1172 3407 πλαλ,

100 3413 316 3484 πολλαπλασιαζ.
345 3416 377 3476 Ο.
433 3417 525 3502 ἀπέχιγ
563 3421 636 3481 FBC
671 3423 728 3482 Bas
768 3423 867 3484 RWT.
894 3447 897 3454 ·
934 3428 982 3486 12.
1025 3423 1177 3488 ἐλάττονας

99 3498 433 3580 οιποοε(ἐλάττονες1)).
456 3505 472 3564 ό
495 3524 548 3580 ego
567 3506 675 3568 addidi.
723 3509 770 3573 13.
784 3505 844 3587 οός]
865 3511 936 3583 WT,
960 3509 1002 3577 ὡς
1018 3517 1085 3572 cett.
1108 3507 1174 3566 ἀπο-

97 3583 195 3661 μαδος
215 3585 248 3644 F.
294 3583 427 3671 ἀπέχοντι
450 3611 514 3650 cum
537 3591 599 3664 AD,
623 3590 764 3675 ἀπέχωντι
788 3602 854 3653 cett.
883 3585 1177 3658 πολλαπλασιάσαντες

100 3666 134 3726 C.
186 3665 318 3732 ἔστωσαν
346 3672 406 3738 BR.
453 3677 501 3736 14.
524 3675 673 3756 ἀπομαδος
699 3679 732 3751 F,
765 3689 798 3737 ut
820 3700 917 3758 supra,
943 3683 1074 3756 neglecto
1098 3701 1174 3737 com·

97 3754 206 3828 pendio
218 3757 347 3832 syllabae
363 3782 404 3820 ον.
440 3763 488 3824 15.
501 3763 834 3842 πυραπυλλαπλασιάσδω
847 3766 914 3828 Bas.
927 3765 1025 3837 RWT,
1045 3765 1173 3824 confusis

104 3889 146 3992 c
175 3918 205 3969 et
242 3852 327 3994 d
339 3911 436 3994 (ἀρα),
471 3915 751 3996 παραπολλασιάσδω
779 3916 810 3988 C,
845 3917 1100 3977 πολλαπλασιάσδω
1129 3915 1175 3976 V?

99 4050 151 4110 το.
175 4048 210 4108 οι.
239 4051 375 4130 ιειοφοω
405 4069 466 4126 ego,
493 4054 540 4135 χι.
569 4051 697 4132 εοῆφυω
725 4055 807 4112 codd.
840 4055 897 4116 Bas
919 4056 957 4134 ο,
984 4054 1077 4112 νου.
1101 4019 1173 4112 wT.

96 4131 145 4211 ἐκ]
174 4135 191 4194 ο
216 4133 251 4195 ἐκ
277 4133 348 4210 υτ,
384 4137 400 4196 ι
430 4135 465 4195 ιο
486 4137 521 4214 ο,
551 4138 568 4195 ο
601 4136 639 4195 υκ
667 4139 750 4198 codd.
806 4141 877 4200 Post
915 4144 968 4206 τος
991 4141 1053 4200 WT
1087 4136 1174 4198 τοτα

96 4217 137 4296 (C
167 4220 238 4300 τᾶς),
270 4221 321 4282 sed
350 4223 403 4284 cfr.
432 4223 449 4301 ξ
477 4224 504 4282 8.
551 4223 639 4287 17.ό
668 4220 708 4304 Λ]
737 4226 814 4306 όφλ
842 4226 925 4285 codd.
949 4227 1016 4287 Bas.
1040 4226 1074 4300 R,
1099 4247 1146 4286 cor

94 4302 147 4369 W.
190 4304 263 4373 ὅσας
281 4306 317 4369 V.
360 4306 415 4366 ἀπὸ
434 4306 530 4389 μαδος
549 4307 638 4372 FAD.
