2750 4594
150 420 296 484 fortasse
332 421 437 484 etiam
469 441 492 482 a
523 421 711 484 Uenatorio
751 423 785 484 in
825 423 1076 486 similitudinem
1118 433 1244 486 textus

150 526 276 591 Graeci
297 531 448 592 redacta.

236 681 264 736 4.
309 658 371 721 Ed.
395 658 499 720 Basil.
523 659 629 739 praei.
652 659 709 722 fol.
733 669 786 722 2¹²:
811 660 1242 744 »BilibPirckheymerus

234 765 311 806 cum
344 744 485 806 Rhoma
523 764 638 824 graece
672 746 834 826 scriptum
875 745 1094 808 Archimedis
1128 746 1242 808 nostri

151 830 340 910 exemplar,
365 849 470 910 opera
494 829 593 891 amici
616 830 807 904 cuiusdam,
831 832 970 894 tandem
993 840 1072 911 post
1093 831 1241 912 longam

149 913 443 994 exspectationem
476 913 681 994 accepisset,
724 935 793 976 non
827 925 959 976 tanturn
1000 915 1097 996 quasi
1132 915 1241 977 vilem

151 999 299 1077 aliquem
322 999 356 1059 in
379 998 511 1060 aedibus
543 998 611 1061 suis
641 1019 763 1079 passus
792 1009 844 1060 est
873 1000 1030 1062 habitare
1053 1000 1239 1081 hospitem,

150 1086 211 1144 sed
241 1084 332 1144 illum
367 1083 586 1163 quotidianae
615 1103 752 1146 suorum
782 1085 968 1146 studiorum
997 1085 1241 1147 consuetudini

149 1169 257 1230 uoluit
279 1187 355 1230 esse
379 1177 605 1230 consortem«
650 1169 721 1231 Fol.
746 1178 798 1247 3¹¹:
823 1168 1072 1232 »Christianum
1096 1189 1240 1248 quoque

149 1252 339 1324 Herlinum‚
367 1251 663 1333 Argentinensem
691 1253 1028 1327 Mathematicorum,
1062 1255 1129 1316 hoc
1161 1255 1240 1316 loco

226 1338 470 1399 celebrandum
493 1346 585 1417 pute,
616 1339 743 1419 quippe
772 1338 825 1400 cui
847 1359 915 1400 non
938 1339 1046 1401 solum
1067 1339 1240 1400 bonarum

151 1423 273 1484 artium
297 1422 456 1495 studiosi,
487 1423 550 1484 sed
579 1432 614 1484 et
643 1423 707 1503 ipsi
736 1423 954 1485 Archimedis
982 1423 1089 1485 nostri
1115 1443 1240 1485 manes

150 1507 332 1588 plurimum
355 1507 491 1580 debent,
516 1508 609 1586 quod
620 1507 654 1568 in
669 1509 775 1570 hosce
792 1508 906 1582 libros
930 1528 998 1587 quo
1021 1527 1098 1570 cum
1121 1528 1239 1570 emen-

151 1593 316 1665 datioreS,
347 1601 418 1653 tum
447 1593 663 1673 elegantibus
695 1594 788 1674 typis
822 1593 1019 1655 illustriores
1052 1593 1239 1673 prodirent,

151 1678 299 1739 studium
317 1677 410 1738 haud
432 1678 509 1739 leve
528 1677 725 1758 impendit«
761 1678 873 1740 Etiam
896 1678 1012 1739 titulus
1035 1677 1239 1758 interpreta-

153 1762 254 1824 tionis
273 1761 416 1822 Latinae
430 1761 608 1844 significat,
633 1782 709 1823 eam
732 1773 830 1824 textu
853 1760 986 1824 Graeco
1010 1761 1240 1841 antiquiorem

151 1867 243 1920 esse;
267 1846 315 1908 sic
341 1847 431 1908 enim
460 1847 598 1927 legitur:
634 1846 872 1909 »Archimedis
990 1866 1111 1927 opera,
1147 1865 1238 1926 quae

152 1933 291 2011 quidem
308 1941 430 1993 extant
442 1931 563 2004 omnia,
586 1932 805 1996 latinitate
834 1932 912 1994 iarn
943 1931 1039 1993 olim
1062 1934 1236 2004 donata,

150 2037 308 2097 nuncque
330 2017 476 2097 primum
498 2017 533 2077 in
554 2017 666 2078 lucem
688 2017 812 2079 edita«.

239 2168 266 2224 5.
312 2143 378 2208 Cir.
403 2165 493 2226 quae
515 2164 619 2225 supra
641 2145 758 2207 adlata
781 2153 859 2208 sunt
882 2146 926 2206 de
949 2163 1056 2225 pagg.
1081 2165 1159 2230 east
1185 2163 1268 2222 37,-

155 2253 203 2329 19;¹
227 2252 328 2309 42‚1r;
354 2251 456 2310 55,33;
480 2231 578 2312 plura
605 2229 693 2291 infra
723 2231 829 2303 dabo;
858 2230 924 2291 hoc
954 2231 1030 2291 loco
1058 2229 1146 2292 haec
1169 2227 1237 2290 suf·

151 2314 365 2482 {mg-Q
386 2421 436 2481 sq.
460 2399 612 2462 Torellii:
637 2352 728 2479 ropdr
749 2398 823 2458 κατὰ
847 2399 878 2456 τὸ
894 2399 931 2474 β,
959 2397 1110 2456 ἑσσοῦνται
1132 2399 1164 2456 αἱ
1185 2397 1232 2464 ad,

152 2486 187 2564 (λγ
211 2485 267 2546 ἴσαι
289 2488 342 2548 ed.
362 2485 466 2547 Basil.
479 2505 511 2565 p.
529 2489 604 2558 128;
629 2489 727 2564 τομᾶς,
751 2482 799 2542 ἴσα
821 2479 903 2542 ἔσται
927 2481 1063 2564 (ἅμαᾶλιλ
1087 2481 1172 2540 (ΗΔ
1196 2487 1233 2561 qi
1272 2541 1279 2554 .
1372 2561 1373 2568 ἵ

152 2571 207 2630 ΔΓ·
232 2571 285 2630 κᾶν
308 2572 355 2630 ἴσα
377 2572 397 2630 ἁ
419 2569 473 2638 ΑΔ,
496 2570 666 2649 παράλληλοι
687 2567 839 2628 ἑσσοῦνται
865 2567 901 2626 οἵ
920 2588 952 2626 τε
982 2567 1031 2626 ΑΓ
1048 2567 1094 2626 καὶ
1116 2566 1136 2623 ἁ
1158 2565 1232 2626 κατὰ

153 2656 185 2714 τὸ
210 2656 235 2714 Β
258 2653 436 2733 ἐπιψαύουσα
467 2657 570 2731 (-σαι
600 2654 711 2731 codd.)
741 2659 794 2717 τᾶς
822 2654 872 2711 τοῦ
899 2651 992 2710 κώνου
1022 2655 1113 2731 τομᾶς
1134 2650 1231 2712 codd.

152 2750 262 2810 recte;
296 2761 358 2800 »—
392 2739 544 2817 aequalis
578 2739 641 2799 erit
675 2737 723 2798 ad
752 2737 817 2818 ipsi
851 2734 898 2798 dc.
955 2733 1086 2816 Quodsi
1115 2734 1233 2795 adest

153 2825 218 2906 ipsi
240 2825 280 2886 dc
302 2825 401 2906 [haec
428 2824 472 2884 de
502 2844 562 2884 suo
591 2822 735 2902 addidit]
767 2821 936 2900 aequale,
965 2819 1233 2898 aequedistantes

153 2920 252 2972 erunt
285 2929 324 2970 ac
356 2919 391 2971 et
424 2908 626 2988 contingens
659 2907 845 2969 sectionem
876 2905 952 2966 coni
980 2905 1014 2964 in
1043 2912 1171 2983 puncto
1194 2903 1231 2963 b«

153 2994 387 3075 interpretatio
409 3013 442 3073 p.
470 3015 538 3071 143.
588 2990 748 3056 Similiter
771 2991 932 3052 Tartalea
953 2988 1010 3050 fol.
1036 3009 1085 3050 20.
1130 2987 1168 3050 P.
1184 2995 1232 3067 76,

155 3103 204 3151 33:
236 3080 398 3159 ἰσόπλευρον
430 3074 541 3159 ἔχουσα
574 3079 710 3156 τρίγωνον
748 3077 796 3135 τὸν
826 3076 887 3153 “lii
910 3076 962 3136 ed.
998 3072 1102 3134 Basil.
1132 3092 1165 3153 p.
1196 3095 1232 3149 4;

154 3167 317 3244 ἰσόπλευρον
346 3159 456 3245 ἔχουσα
485 3162 584 3238 βάσιν,
599 3167 641 3224 τῶ
666 3160 776 3236 (scrib.
801 3159 846 3236 τὸ)
871 3159 947 3217 ΑΒΓ
974 3158 1071 3219 codd.
1105 3157 1234 3237 optime

156 3248 227 3324 (cfr.
246 3249 302 3310 lin.
323 3249 388 3328 26);
413 3247 678 3326 »aequilateram
699 3243 810 3305 basim
832 3243 974 3315 habens,
999 3260 1087 3321 quae
1100 3242 1143 3302 sit
1156 3240 1232 3301 abc«

154 3333 389 3414 interpretatio
412 3351 444 3412 p.
469 3339 497 3392 o.
982 3364 983 3367 =

239 3418 417 3480 Eutocium
448 3434 583 3494 quoque
615 3412 819 3476 continuisse
853 3411 1167 3492 interpretationem
1200 3409 1235 3469 il·

154 3505 224 3565 lam
246 3503 420 3584 antiquam
442 3501 496 3561 his
524 3498 607 3561 locis
637 3499 789 3579 adparet,
813 3497 871 3558 ubi
900 3517 920 3557 a
948 3493 1089 3559 Graecis
1119 3493 1235 3555 uerbis

155 3590 207 3650 ed.
232 3587 335 3649 Basil.
360 3587 540 3667 discrepat,
565 3604 641 3646 cum
669 3582 793 3643 nostris
824 3590 937 3642 autem
960 3579 1134 3641 codicibus
1158 3597 1236 3639 con·

13 3647 17 3750 ¹,
82 3745 85 3750 ,
155 3673 263 3755 gruit:
287 3691 319 3753 p.
345 3675 446 3752 John:
469 3672 563 3748 πολλῷ
586 3667 644 3749 ἄρα
673 3669 705 3726 τὸ
728 3666 974 3746 περιγραφόμενον
996 3665 1068 3745 πρὸς
1094 3664 1142 3722 τὸν
1172 3661 1236 3720 κύκ·

156 3761 212 3818 λον·
224 3757 302 3816 ὥστε
313 3758 367 3819 ed.
379 3755 483 3817 Basil.
504 3775 535 3835 p.
552 3775 587 3830 53
611 3775 638 3812 π.
651 3751 679 3810 ἅ.
703 3752 735 3810 τὸ
758 3751 881 3830 rumpit
901 3749 948 3808 τὸν
971 3747 1070 3808 κύκλον
1093 3747 1236 3808 ἐλάσσονα

156 3843 240 3922 λόγον
262 3839 325 3925 ἔχει
347 3839 419 3921 ἤπερ
442 3841 475 3899 τὸ
499 3833 714 3918 σοναμφύτὲρον
737 3837 809 3915 πρὸς
830 3835 877 3894 τὸν
899 3832 1010 3894 κύκλον·
1029 3831 1235 3902 ὥστεοοάἀ.;

157 3929 283 3989 »multo
306 3925 418 4008 magis
440 3944 524 4006 ergo
553 3919 842 4000 ¹circumscriptum
872 3917 979 3980 habet
1008 3918 1052 3979 ad
1074 3915 1234 3980 circulum

156 4013 321 4074 minorem
351 4009 605 4091 proportionem
642 4025 744 4085 quam
773 4014 954 4083 utrumque
978 4002 1076 4064 simul
1107 4003 1152 4062 ad
1175 4000 1235 4062 cir·

157 4098 278 4158 culum.
323 4092 458 4174 Quare«
482 4093 623 4171 interpr.
653 4109 686 4170 p.
719 4111 754 4168 7;
783 4109 815 4170 p.
850 4109 971 4161 112‚1s:
1006 4086 1104 4166 ὀρθῶν
1131 4085 1238 4163 γωνιῶν
