2750 4594
684 264 717 304 12

165 444 283 524 γράψας
313 443 342 504 ἐν
365 445 443 524 τῷδε
466 448 507 525 τῷ
533 445 640 524 βιβλίῳ
672 449 728 504 τῶν
758 466 790 504 τε
823 449 923 506 λοιπῶν
957 445 1170 526 θεωρημάτων
1215 446 1280 510 τὰς
1311 428 1317 440 ’

165 550 339 633 ἀποδείξεις,
370 549 410 610 ὧν
440 551 492 611 οὐκ
519 551 596 635 εἶχες
625 550 655 610 ἐν
685 557 744 616 τοῖς
769 554 906 634 πρότερον
937 553 1189 633 ἀπεσταλμένοις,
1217 554 1275 612 καὶ

165 656 256 718 ἄλλων
279 658 400 740 ὕστερόν
422 681 491 718 ποτε
513 657 715 740 ἐξευρημένων·
746 659 764 718 ἃ
792 661 930 740 πρότερον
949 660 1002 742 μὲν
1030 658 1083 742 ἤδη
1114 661 1276 726 πολλάκις

164 763 338 849 ἐγχειρησας
367 765 595 838 ἐπισκέπτεσθαι,
626 765 762 826 δύσκολον
795 763 871 850 ἔχειν
900 791 925 827 τι
950 771 1088 848 φανείσας
1111 791 1173 848 μοι
1209 772 1272 833 τᾶς

163 872 293 954 εὑρέσιος
314 872 424 967 αὐτῶνη
449 874 595 955 άπάρησα,
626 876 724 956 διόπερ
753 873 821 935 οὐδὲ
858 873 1043 944 σονεξέδοθεν
1064 881 1126 940 τοῖς
1158 873 1272 940 ἄλλοις

164 979 245 1040 αὐτοὶΙ
271 981 306 1040 τὰ
343 979 571 1062 προβεβλημένα,
604 977 723 1056 ὕστερον
751 979 785 1039 δὲ
812 979 1026 1062 ἐπιμελέστερον
1056 982 1116 1041 ποτ’
1152 983 1269 1048 αὐτοῖς

163 1089 316 1168 γενόμενος
346 1087 463 1169 ἐξεῦρον
498 1088 534 1148 τὰ
566 1087 755 1169 ἀπορηθέντα.
789 1086 821 1169 ἧν
854 1089 890 1169 δη
923 1089 958 1148 τὰ
983 1089 1036 1169 μὲν
1068 1089 1156 1150 λοιπὰ
1197 1093 1264 1150 τῶν

164 1195 312 1276 προτέρων
342 1196 539 1277 θεωρημάτων
570 1197 632 1276 περὶ
655 1197 705 1254 τοῦ
734 1195 913 1277 ὀρθογωνίου
939 1195 1110 1261 κωνοειδέος
1136 1199 1261 1276 προβε-

162 1301 298 1382 βλημένα,
322 1303 358 1362 τὰ
381 1303 414 1362 δὲ
436 1305 482 1362 νῦν
504 1302 560 1363 ἐντι
581 1302 810 1384 ποτεξευρημένα
831 1304 900 1386 περί
916 1325 948 1362 τε
971 1307 1020 1362 τοῦ
1043 1304 1259 1383 ἀμβλυγωνιου

62 1461 66 1468 .
163 1409 335 1474 κωνοειδέος
362 1411 408 1469 καλ
437 1411 499 1490 περὶ
532 1409 738 1492 σφαιροειδέων
772 1411 937 1492 σχημάτων.
992 1410 1148 1485 Librum,
1189 1411 1256 1492 qui

164 1516 356 1579 inscribitur
377 1515 478 1577 κύκλου
497 1517 650 1599 μέτρησις.
673 1526 751 1598 post
772 1517 894 1579 librum
922 1518 939 1579 I
969 1519 1012 1580 de
1034 1518 1189 1599 sphaera
1213 1528 1254 1580 et

163 1624 315 1706 cylindro
338 1625 498 1706 scriptum
526 1645 616 1698 esse,
640 1634 783 1707 apparet
809 1645 856 1705 ex
882 1645 976 1706 prop.
1011 1648 1043 1700 1;
1072 1625 1120 1688 ibi
1148 1625 1254 1688 enim

164 1752 196 1813 p.
226 1753 287 1812 204
319 1733 423 1794 utitur
458 1734 501 1794 de
531 1734 604 1815 sph.
639 1744 673 1795 et
702 1735 765 1816 cyl.
794 1733 826 1807 Ι,
850 1754 885 1812 7;
915 1753 1027 1814 neque
1064 1734 1166 1814 plura
1201 1735 1250 1796 de

164 1859 206 1901 eo
229 1835 342 1924 dicere
363 1841 451 1903 licet.
489 1827 695 1903 Arenarium
718 1850 795 1922 post
817 1841 938 1903 librum
961 1843 1005 1903 de
1027 1841 1249 1903 dimensione

162 1947 279 2009 circuli
309 1949 469 2029 scripturn
492 1968 585 2021 esse,
614 1948 692 2010 inde
715 1948 829 2029 colligi
858 1957 986 2030 potest,
1019 1949 1111 2029 quod
1138 1948 1248 2011 huius

163 2055 239 2116 libri
261 2059 356 2137 prop.
380 2078 398 2134 3
429 2056 551 2118 citatur
579 2075 611 2136 p.
636 2077 696 2134 323
721 2054 885 2131 (ἐπίστασαι
906 2056 963 2137 γὰρ
985 2056 1168 2138 «λελειμμένον
1194 2055 1247 2136 ὑφ’

163 2163 252 2241 ἁμῶν,
278 2163 320 2223 ὅτι
342 2164 447 2227 παντὸς
473 2161 575 2224 κύκλου
601 2164 620 2221 ά
647 2165 817 2244 περιφερεία
843 2164 948 2243 μειζων
981 2162 1056 2223 ἐστὶν
1085 2161 1101 2244 ἢ
1128 2167 1245 2244 τριπλα-

164 2273 232 2330 σίων
266 2275 318 2334 τᾶς
349 2270 501 2350 διαμέτρου
534 2269 665 2330 ἐλάσσονι
694 2268 710 2350 ἢ
738 2269 858 2350 ἑβδόμῳ
883 2269 982 2351 μέρει,
1012 2271 1118 2352 μείζονι
1155 2271 1191 2332 δὲ
1225 2268 1242 2350 ἢ

165 2376 237 2436 δέκα
270 2376 594 2459 ἑβδομηκοστυμόνοις);
635 2379 696 2470 sed
733 2387 864 2438 antea.
900 2381 961 2439 216
995 2377 1140 2459 scriptus
1175 2387 1241 2451 est,

163 2485 322 2566 quoniam
344 2485 409 2547 hoc
427 2505 516 2546 anno
533 2495 683 2547 mortuus
701 2494 752 2546 est
764 2482 852 2547 Gelo
864 2483 1024 2568 Hieronis
1041 2485 1128 2548 filius
1151 2484 1239 2565 (Liu.

162 2592 300 2668 XXIII,
324 2614 380 2670 30,
409 2595 555 2674 10—11),
579 2594 624 2655 ad
647 2613 748 2674 quem
770 2592 892 2655 missus
914 2602 975 2656 est.
1020 2593 1110 2655 Hinc
1132 2593 1242 2674 igitur

99 2706 106 2722 ⁴
161 2701 217 2763 hic
240 2697 384 2762 efficitur
406 2702 505 2782 ordo:
529 2700 667 2760 ἐπιπέδων
695 2703 852 2783 ι’συρροπίαι
879 2701 910 2775 I,
938 2701 1168 2782 τετραγωνισμὺς
1189 2723 1239 2760 πα-

160 2810 305 2889 ραβολῆς,
339 2807 476 2874 ἐπιπέδων
507 2809 663 2889 ι’σορροπίαι
695 2808 737 2882 Π,
771 2809 833 2889 περὶ
862 2810 988 2889 σφαίρας
1015 2810 1061 2868 καὶ
1093 2808 1240 2889 κυλίνδρου

163 2916 271 2990 Ι-Π,
302 2916 365 2996 περὶ
387 2914 500 2989 ἑλίκων,
535 2917 604 2997 περὶ
626 2916 802 2975 κωνοειδέων
829 2917 877 2975 καλ
898 2915 1114 2998 σφαιροειδέων,
1136 2913 1239 2976 κύκλου

160 3023 296 3106 μέτρησις
316 3023 361 3105 (λ),
377 3023 527 3104 ψαμμίεης.
571 3023 635 3085 His
658 3023 806 3086 addendi
828 3023 904 3084 libri
923 3024 956 3085 H
978 3025 1040 3104 περὶ
1062 3022 1237 3106 ὀχουμένων,

163 3131 220 3212 qui
241 3140 372 3192 tantum
399 3130 520 3192 Latine
550 3140 689 3192 exstant
713 3132 756 3211 2);
781 3130 896 3211 scripti
918 3139 995 3192 sunt
1016 3139 1094 3211 post
1115 3129 1239 3191 librum

163 3239 225 3319 περὶ
246 3238 433 3306 κωνοειδέων,
465 3237 558 3300 cuius
588 3238 816 3318 propositione
841 3243 880 3300 26
902 3238 1019 3300 nititur
1045 3239 1108 3318 περὶ
1136 3237 1236 3320 δχοομ.

162 3346 203 3420 Π,
228 3351 247 3407 8
270 3366 293 3427 p
317 3367 388 3424 345.
433 3346 488 3408 De
512 3346 586 3408 aliis
608 3347 792 3421 nonnullis,
823 3366 911 3427 quae
934 3348 998 3409 sub
1020 3343 1237 3407 Archimedis

161 3453 297 3516 nomine
320 3452 482 3527 feruntur,
505 3452 595 3515 infra
617 3473 768 3534 agemus

251 3563 277 3642 1)
321 3561 415 3623 Inter
436 3562 650 3643 problemata
667 3561 796 3624 Cononi
818 3561 921 3622 missa
942 3560 1042 3641 (quae
1064 3568 1161 3621 erant
1185 3578 1236 3632 ea,

162 3666 249 3727 quae
273 3646 485 3708 continentur
508 3648 550 3708 de
582 3647 655 3728 sph.
687 3656 721 3708 et
743 3647 807 3729 cyl.
830 3647 872 3720 IL
900 3668 932 3720 1;
964 3667 998 3720 23
1022 3666 1057 3724 4;
1082 3665 1115 3722 53
1139 3648 1176 3718 6;
1201 3664 1236 3724 7;

163 3734 192 3814 8)
208 3733 275 3794 duo
286 3729 373 3792 falsa
392 3742 497 3806 erant,
516 3752 603 3813 quae
615 3733 769 3794 miserat:
792 3732 870 3797 ὅπως
890 3734 918 3791 σι’
939 3732 1059 3811 φάμενοι
1079 3729 1133 3809 μὲν
1147 3729 1237 3788 πάντα

161 3818 310 3897 εὑρίσκειν,
333 3817 473 3892 ἀπόδειξιν
512 3817 546 3876 δὲ
579 3818 671 3876 αὐτῶν
705 3818 840 3897 οὐδεμίαν
862 3815 1034 3896 ἐκφέροντες
1065 3813 1235 3894 ἐλέχκωνται

162 3901 205 3982 (p.
230 3903 318 3983 218);
344 3901 541 3963 refelluntur
569 3901 655 3965 haec
688 3904 756 3964 duo
778 3902 1005 3975 theoremata,
1039 3919 1127 3981 quae
1156 3897 1236 3960 affe·

162 3996 280 4050 runtur
300 4007 333 4068 p.
359 3991 520 4066 218—19‚
543 3987 598 4059 iis,
622 4007 709 4068 quae
740 3985 914 4068 proposita
936 3995 1014 4048 sunt
1042 3987 1084 4046 de
1107 3984 1179 4065 sph.
1203 3993 1237 4046 et

162 4073 225 4154 cyl.
249 4072 298 4146 11,
322 4094 341 4150 9
364 4082 398 4133 et
425 4093 471 4134 ιο.
516 4071 631 4134 Unum
654 4074 760 4145 addo,
784 4073 817 4133 in
840 4069 1051 4152 praefatione
1074 4069 1152 4130 libri
1175 4071 1236 4148 περὶ

161 4158 337 4218 κωνοειδέων
370 4174 402 4238 p.
446 4161 507 4220 260
543 4158 687 4239 proponi
720 4159 787 4219 duo
818 4157 1032 4219 theoremata
1063 4173 1234 4234 unumque
