2714 4570
706 251 764 308 ¹40

205 431 344 513 dignam
367 442 624 513 accuratamque
646 433 854 496 habebimus.
896 433 971 495 Hoc
992 434 1072 494 loco
1097 433 1183 493 duos
1204 440 1271 492 tan·

204 548 275 600 tum
303 541 395 601 locos
428 539 588 613 adferam,
612 541 668 620 qui
691 541 902 620 aliquatenus
929 539 1139 603 sententiam
1167 559 1272 600 meam

204 645 420 710 confirmant:
867 653 870 660 '

288 775 320 835 p.
344 776 383 834 95
407 765 493 818 extr.
516 755 604 835 (post
630 775 724 836 prop.
761 759 809 835 17)
837 757 902 818 hoc
930 756 1083 836 sequitur
1115 753 1273 816 scholium

203 863 237 942 in
264 864 417 945 margine
450 863 522 924 cod.
552 863 750 926 Florentini:
782 863 810 922 οἱ
838 864 894 945 γὰρ
922 863 1015 931 κύκλοι
1044 863 1121 943 πρὸς
1148 861 1274 942 ἀλλήλους

203 973 256 1032 εἰσὶ
285 973 355 1051 πρὸς
380 973 430 1030 τοῦ
459 969 568 1049 (scrib.
597 970 638 1035 ὡς
665 970 713 1050 τὰ)
744 971 799 1030 ἀπὸ
825 973 881 1030 τῶν
904 971 1063 1050 διαμέτρων
1089 969 1273 1049 τετράγωνο,

203 1078 417 1142 referendum
439 1088 492 1140 est
513 1080 558 1139 ad
579 1078 634 1140 lin.
661 1099 716 1156 zo:
747 1077 824 1138 ὥστε
849 1079 897 1138 καὶ
919 1080 934 1136 ὁ
955 1075 983 1138 Λ
1009 1075 1117 1142 κύκλος
1139 1075 1202 1140 ἴσος
1221 1073 1273 1134 ἐστὶ

204 1193 262 1251 τοῖς
288 1189 342 1256 Κ,θ
377 1183 492 1250 κύκλοις.
542 1185 670 1248 Eodem
700 1186 774 1248 loco
801 1186 848 1248 B:
877 1188 904 1246 οἱ
930 1207 979 1266 W
1009 1183 1108 1244 κύκλοι
1143 1183 1216 1263 πρὸς
1234 1182 1273 1240 ἀλ·

203 1294 301 1374 λήλους
321 1295 372 1352 εἰσὶ
394 1295 465 1372 πρὸς
485 1293 520 1352 τὰ
542 1295 597 1353 ἀπὺ
611 1299 675 1354 τῶν
698 1294 856 1374 διαμέτρων
879 1293 1063 1374 rer-primm
1098 1299 1137 1352 et
1165 1288 1273 1370 paullo

204 1400 341 1462 inferius
370 1401 459 1479 (nam
491 1401 525 1462 in
552 1403 603 1463 ed.
636 1401 714 1463 Bas.
744 1405 838 1482 λῆμμα
867 1381 911 1480 p.
930 1422 971 1478 94
989 1409 1079 1480 ,post
1108 1417 1208 1480 prop.
1239 1415 1267 1473 17

203 1510 349 1590 ponitur3
378 1529 409 1570 u.
437 1528 539 1588 supra
559 1529 591 1589 p.
617 1512 667 1589 72)
690 1508 732 1571 C:
756 1511 783 1568 οἱ
803 1507 828 1568 τ’
854 1506 948 1568 κύκλοι
977 1510 1038 1567 κοτὲ
1065 1508 1207 1588 ἀλλήλους
1225 1501 1266 1562 elul

151 1655 153 1660 ·
203 1618 264 1676 nori
286 1617 321 1675 τὰ
339 1617 393 1674 ἀπὸ
412 1620 466 1674 τῶν
479 1617 637 1697 διαμέτρων
660 1618 835 1696 τετράγωνα.
868 1615 963 1684 Idem
986 1615 1157 1678 scholium
1169 1612 1269 1673 'inter-

205 1724 353 1806 pretatio
376 1745 408 1806 p.
435 1728 471 1784 18
494 1723 576 1804 ipsis
591 1723 807 1786 Archimedis
829 1723 942 1784 uerb'rs
965 1711 1154 1785 adnexuit:
1179 1737 1267 1780 »nam

203 1832 317 1894 circuli
339 1831 538 1911 quicumque
561 1831 609 1894 sic
631 1852 668 1893 se
691 1833 818 1894 habent
831 1821 885 1892 ”ad
906 1831 1049 1893 invicem
1086 1827 1265 1912 comparati

203 1939 289 2000 sicut
312 1940 477 2019 quadrata
498 1958 632 2000 suorum
655 1923 945 2003 diametrorum«.¹

289 2047 325 2109 P.
359 2051 460 2124 263‚³2
491 2048 600 2130 uerba
626 2049 673 2106 nul
702 2048 722 2105 ἁ
753 2047 893 2129 ὑπεροχὰ·
913 2046 960 2106 ἴσα
987 2054 1030 2126 τῷ
1051 2045 1198 2130 ἐλαχίστῳ
1220 2040 1260 2102 sic

204 2153 237 2214 in
259 2153 394 2234 interpr.
425 2165 599 2238 uertuntur
631 2175 663 2236 p.
698 2159 753 2232 63:
788 2161 843 2215 »et
875 2173 991 2216 eorum
1024 2173 1191 2217 excessus
1221 2156 1265 2210 est
1325 2205 1326 2208 ,

204 2305 355 2392 aequalis
388 2333 583 2374 numero«.
640 2311 798 2375 Confudit
826 2271 850 2397 Ξ
883 2311 924 2394 (p.
963 2315 1032 2393 138)
1061 2332 1141 2374 cum
1172 2283 1210 2375 rw
1237 2325 1263 2366 0³

203 2419 328 2500 ἀριθμῷ,
352 2421 394 2482 de
417 2440 484 2500 quo
507 2421 705 2500 compendio
729 2419 815 2481 infra
838 2420 974 2482 dicetur.
1012 2411 1016 2420 ’

287 2527 376 2589 Huic
398 2548 465 2589 non
500 2537 681 2608 repugnat,
715 2528 805 2607 quod
837 2527 871 2588 in
904 2527 1040 2608 interpr.
1069 2547 1152 2607 pars
1182 2522 1260 2606 prior

204 2635 367 2714 epistulae
399 2635 614 2718 Archimedis
647 2635 732 2697 libro
760 2636 776 2696 I
805 2637 848 2697 de
881 2638 1027 2716 sphaera
1054 2645 1089 2697 et
1119 2631 1263 2716 cylindro

203 2743 410 2822 praemissae
433 2743 567 2823 integra
594 2763 704 2822 paene
726 2752 793 2817 est,
822 2744 988 2823 posterior
1016 2761 1154 2823 prorsus
1178 2735 1265 2801 omit·

204 2850 283 2910 titur
305 2851 346 2930 (p.
374 2851 452 2930 122),
476 2870 551 2911 cum
579 2850 613 2910 in
636 2851 709 2912 cod.
732 2851 760 2912 F
787 2872 808 2911 a
829 2868 931 2911 manu
953 2851 1065 2932 priore
1087 2851 1180 2911 haec
1203 2841 1263 2926 epi·

205 2957 292 3018 stula
321 2977 458 3036 prorsus
481 2957 606 3019 omissa
629 2977 703 3018 esse
732 2957 868 3020 dicatur.
927 2957 1016 3019 Nam
1045 2957 1118 3020 fieri
1146 2947 1261 3040 potest,

203 3073 241 3125 ut
263 3063 298 3136 F,
322 3084 398 3125 curn
420 3065 560 3145 interpr,
580 3065 637 3126 illa
658 3063 749 3126 facta
779 3074 846 3139 est,
870 3066 1033 3147 integrior
1055 3075 1089 3127 et
1110 3066 1200 3128 lectu
1221 3057 1263 3120 fa·

205 3172 297 3254 cilior
319 3171 420 3233 fuerit
442 3171 509 3251 (cfr.
533 3193 565 3253 p.
593 3173 676 3254 116);
708 3181 741 3234 et
770 3173 932 3254 pleraque
954 3193 1084 3246 eorum,
1111 3191 1201 3258 'quae
1224 3184 1265 3228 ex

205 3279 349 3360 epistula
370 3279 474 3341 habet
497 3279 643 3360 interpr,
668 3300 712 3341 ex
734 3279 807 3342 libr.
831 3280 864 3341 ΙΙ
885 3302 917 3362 p.
938 3303 991 3360 131
1019 3280 1109 3342 facili
1130 3274 1264 3362 negotio
1325 3273 1326 3344 l

205 3387 353 3468 suppleri
375 3397 564 3468 potuerunt.
609 3387 661 3449 Ne
683 3388 747 3450 hac
770 3389 906 3468 quidem
934 3409 971 3450 re
999 3373 1166 3449 sententia
1192 3399 1265 3446 mea
1325 3405 1326 3452 l

204 3494 377 3569 refellitur,
408 3496 498 3575 quod
521 3496 593 3558 cod.
616 3496 644 3557 F
667 3493 807 3576 Georgii
836 3495 958 3558 Uallae
991 3495 1069 3570 fuit;
1103 3506 1262 3576 nusquam

206 3603 294 3664 enim
324 3603 445 3665 dicitur
478 3586 588 3664 codex
623 3603 678 3664 ille
706 3601 1093 3684 Constantinopolitanus
1126 3603 1159 3664 in
1192 3616 1262 3682 pos·

204 3709 389 3772 sessionem
421 3710 552 3772 Nicolai
570 3703 633 3771 'vu
654 3711 805 3786 uenisse;
840 3711 871 3772 ei
903 3721 1167 3793 »praesentatus«
1192 3721 1260 3768 esse

119 3801 125 3812 ’
206 3817 325 3879 dicitur
347 3817 389 3898 (p.
417 3819 502 3899 127);
532 3819 720 3898 putauerim
749 3817 866 3900 igitur,
895 3818 1071 3882 Nicolaum
1101 3839 1176 3880 eum
1197 3831 1260 3876 mu·

205 3935 298 3987 tuum
321 3926 501 4005 accepisse,
525 3935 563 3987 ut
584 3927 784 3988 uertendum
807 3937 947 3990 curaret.
1325 4003 1326 4008 η

290 4031 359 4095 Sed
379 4032 540 4113 quidquid
563 4035 605 4095 de
627 4035 693 4095 hac
714 4015 751 4095 re
774 4035 997 4108 statuerimus,
1021 4054 1090 4096 non
1106 4032 1258 4117 nisi-cau·
1325 4013 1326 4024 ἵ

205 4139 332 4200 tissime
346 4213 351 4222 Ι
365 4160 410 4216 ex
443 4139 578 4220 interpr.
613 4143 655 4202 de
693 4142 877 4222 archetypo
909 4143 966 4204 illo
1003 4140 1257 4204 concludendum
