2638 4576
165 445 244 521 AC;
267 448 302 510 in
323 446 389 508 BD
412 449 523 509 nullus
544 468 705 511 numerus
726 449 780 511 bis
806 449 890 511 locis
918 449 1054 510 additus
1082 459 1146 523 est,
1172 452 1223 512 sed
1303 477 1304 534 j

165 555 200 616 in
232 574 350 618 eorum
384 574 519 635 quoque
553 556 759 637 antigrapho
787 558 910 618 eadem
942 557 1127 618 numeratio
1156 556 1224 630 fuit;
1303 557 1304 562 ’

164 682 246 725 nam
268 682 365 744 prop.
393 683 428 723 12
454 661 592 724 Torellii
614 664 718 725 etiam
740 665 776 724 in
797 664 839 726 iis
861 673 914 725 est
934 682 1031 744 prop.
1058 686 1104 726 12.
1136 665 1225 726 Prae·
1303 679 1304 682 ’

164 781 260 833 terea
283 791 381 852 prop.
408 791 445 847 15
468 770 621 844 Torellii,
655 790 744 852 quae
776 771 811 832 in
842 771 872 832 F
903 789 999 851 prop.
1027 775 1064 832 16
1086 791 1158 834 esse
1178 774 1225 834 de·
1303 769 1304 810 3

164 879 246 952 buit,
258 897 399 940 numero
422 900 459 955 14
471 897 585 940 errore
598 878 809 960 significatur
820 879 863 958 (p.
881 882 970 958 115);
994 879 1116 940 eodem
1136 881 1224 940 modo
1303 891 1304 896 ’

151 971 208 1067 ΙΒ;
232 988 267 1048 111
285 987 321 1047 A
336 1005 441 1068 uerus
458 1005 618 1048 numerus
639 987 695 1047 bic
714 986 794 1047 etin
815 1005 911 1066 prop.
934 986 1089 1065 sequenti
1105 986 1139 1047 in
1156 987 1180 1044 ιδ
1198 995 1228 1047 et
1303 987 1304 992 ’

166 1116 191 1153 ιε
213 1102 386 1155 correctus
409 1103 478 1172 est3
508 1095 543 1154 in
572 1094 605 1156 D
632 1113 752 1174 propp.
787 1117 834 1171 14,
866 1115 921 1171 15,
953 1097 990 1155 16
1013 1091 1150 1154 Torellii
1168 1113 1227 1154 om-

164 1221 226 1263 nes
252 1220 394 1262 numero
432 1222 468 1278 15
503 1200 715 1282 significatae
748 1210 839 1274 sunt;
872 1201 908 1262 in
936 1198 980 1273 C,
1014 1199 1074 1280 qui
1106 1201 1228 1262 omnino
1303 1181 1304 1188 ¹

166 1287 201 1372 et
223 1328 326 1370 manu
347 1308 458 1388 prima
490 1309 526 1369 in
557 1310 623 1371 bac
656 1329 693 1371 re
727 1308 911 1371 correctius
944 1307 1089 1388 scriptus
1123 1318 1171 1368 est
1199 1316 1230 1368 et

164 1427 286 1497 postea
323 1435 426 1477 manu
459 1417 649 1478 recentiore
681 1418 726 1478 ad
763 1417 1015 1478 similitudinem
1049 1416 1103 1476 ed.
1137 1413 1228 1475 Basil.

165 1525 378 1597 emendatae,
406 1523 472 1584 hoc
501 1524 576 1585 loco
605 1543 707 1586 uerus
733 1543 950 1586 numerorum
977 1523 1062 1584 ordo
1089 1531 1230 1583 seruatus

166 1640 227 1692 est.
290 1629 469 1692 Postremo
501 1651 566 1692 nec
600 1632 673 1693 cod,
706 1631 796 1692 Flor.
831 1630 874 1710 (p.
910 1631 983 1710 416)
1020 1649 1096 1710 nec,
1117 1628 1230 1690 Pariss

164 1737 266 1799 ABD
287 1757 408 1818 propp.
432 1759 560 1815 30-34
583 1739 652 1799 suis
673 1740 822 1799 numeris
845 1736 1050 1818 significant.

250 1844 407 1905 Uidimus
437 1864 541 1924 supra
563 1845 715 1907 codicem
747 1843 775 1907 C
801 1845 991 1925 sumptibus
1012 1841 1154 1924 Georgii
1173 1840 1232 1902 Ar·

164 1952 336 2032 magniaci
368 1951 505 2014 Romae
540 1951 747 2032 descriptum
781 1972 857 2014 esse
891 1972 920 2014 a.
958 1972 1048 2028 1544.
1103 1948 1164 2012 Cui
1192 1949 1230 2010 ab

166 2060 318 2139 epistulis
341 2069 415 2120 erat
442 2058 529 2123 Guil.
557 2060 751 2133 Philander,
782 2060 840 2140 qui
868 2079 945 2120 eum
968 2079 998 2119 a.
1025 2079 1102 2135 1541
1128 2056 1231 2118 Uene·

164 2167 229 2228 tias
246 2177 281 2228 et
292 2167 371 2229 inde
383 2166 534 2229 Romam
558 2177 694 2229 secutus
717 2177 778 2230 est.
822 2167 856 2228 Is
873 2166 907 2226 in
929 2165 1078 2226 editione
1101 2184 1161 2238 sua
1180 2162 1232 2224 Ui·

165 2274 275 2347 truuii,
308 2274 402 2355 prius
435 2274 545 2355 Lugd.
584 2295 674 2351 1552,
708 2274 829 2336 iterum
865 2273 946 2335 ibid.
990 2276 1070 2349 1586
1105 2289 1231 2342 excusa,

165 2380 253 2442 haec
275 2381 460 2444 Francisco
481 2382 499 2443 Ι
524 2381 641 2443 scribit
664 2381 745 2460 (IX,
769 2403 786 2459 3
810 2402 842 2463 p.
871 2401 932 2459 357
957 2381 1010 2441 ed.
1033 2379 1094 2459 Π);
1123 2377 1231 2440 »Haec

166 2508 234 2569 ego
257 2489 468 2568 scripseram,
492 2509 569 2551 cum
591 2488 758 2551 beneficio
779 2487 956 2568 Rodolphi
978 2487 1031 2548 Pii
1054 2485 1230 2566 Carporum

112 2586 114 2589 ’
166 2594 355 2658 cardinalis
397 2595 488 2658 facta
516 2605 568 2657 est
602 2596 685 2657 mihi
712 2596 811 2677 copia
837 2595 977 2656 videndi
1007 2590 1233 2656 exscribendi·

165 2722 241 2782 que,
265 2711 405 2765 curante
421 2703 457 2764 id
474 2703 676 2765 Maecenate
698 2722 777 2765 meo
799 2700 965 2783 [Georgio
984 2697 1232 2782 Annagniaco]‚

164 2808 384 2872 Archimedis
423 2810 466 2871 de
501 2811 649 2891 sphaera
678 2818 713 2872 et
742 2810 895 2891 cylindro
925 2829 1001 2871 curn
1028 2808 1234 2870 enarratione

164 2915 297 2978 Eutocii
317 2919 486 2991 volumen,
510 2927 709 2979 ornamento
738 2917 887 2979 futurum
914 2915 1166 2998 augustissimae
1192 2909 1234 2973 illi

166 3034 201 3084 et
222 3024 487 3088 instructissimae
509 3025 742 3098 Bibliothecae,
766 3044 869 3104 quam
890 3033 927 3085 tu
1030 3024 1076 3083 ad
1097 3021 1233 3083 Fontem

165 3130 320 3192 Bleeium
342 3133 529 3194 instituisti:
558 3132 599 3194 Id
628 3133 788 3194 volumen
816 3129 959 3212 Georgii
988 3129 1100 3191 Vallae
1122 3128 1234 3197 fuerat,

165 3236 199 3297 in
234 3257 301 3317 quo
335 3249 462 3319 praeter
495 3240 623 3320 linguae
655 3240 792 3302 Doricae
819 3238 1063 3319 proprietatem
1085 3244 1122 3298 et
1143 3235 1234 3297 omis·

166 3344 294 3405 sionem
328 3346 507 3425 spirituum
540 3355 642 3426 atque
677 3355 889 3418 accentuum,
923 3365 1000 3424 quae
1033 3345 1067 3405 in
1093 3341 1234 3424 legendo

165 3451 319 3513 nonnihil
341 3453 569 3514 exhibuerunt
602 3452 852 3526 difficultatem,
886 3463 1065 3540 occurrunt
1098 3448 1233 3512 subinde

166 3558 375 3639 syllabarum
397 3561 639 3622 etdictionum
660 3569 766 3634 notae,
797 3579 875 3639 quae
904 3579 947 3621 ne
975 3579 997 3620 a
1019 3557 1149 3621 Graecis
1170 3553 1232 3636 qui·

167 3665 245 3726 dem
274 3666 355 3745 ipsis
384 3667 466 3728 satis
491 3645 751 3749 agnoscuntur<
795 3665 917 3746 Itaque
944 3685 1020 3728 cum
1049 3666 1160 3728 codex
1184 3661 1231 3722 ille

167 3770 207 3835 G.
242 3772 467 3854 Armagniaci
503 3774 530 3836 C
563 3777 685 3837 eodem
719 3783 873 3854 tempore
907 3773 1051 3854 scriptus
1086 3772 1141 3845 sit,
1180 3768 1232 3830 uix

167 3881 325 3960 cuiquam
354 3880 493 3962 dubium
524 3901 601 3943 esse
628 3890 757 3962 potest,
787 3879 869 3960 quin
896 3877 1066 3960 Georgius
1094 3878 1230 3954 Armag-

167 3988 284 4049 niacus
314 3987 405 4049 illum
436 3988 545 4067 ipsum
575 3989 742 4062 codicem,
772 3986 867 4049 cuius
886 3977 1030 4068 ⁸copiam
1058 3983 1229 4048 Philandro

170 4091 261 4168 fecit,
285 4093 345 4173 qui
366 4093 444 4154 olim
467 4091 608 4174 Georgii
629 4093 754 4157 Uallae
784 4094 809 4174 (t
836 4098 936 4176 1499),
960 4094 1084 4156 deinde
1106 4083 1229 4155 Alberti
