2714 4570
9 3819 11 3870 l

625 300 681 359 117

116 482 204 562 ἁγίας
230 480 381 562 ἐκκλησίας
406 483 455 563 τὴν
485 483 616 563 διοίκησιν
649 483 850 563 οἰκονομοῦντα
879 480 910 541 ἐν
938 487 977 563 τῇ
1000 479 1088 562 ρώμρ
1116 481 1195 560 παρὰ

114 591 299 668 ρραγκίσκοο
320 590 371 648 τοῦ
392 593 499 649 κελτῶν
520 589 667 668 βασιλέως
675 588 954 670 ἐγκεκωμιασμένως
973 585 1194 668 πρεσβεύοντος.

203 694 344 758 Codex
366 695 588 758 Parisinus
612 702 708 774 2362
733 696 805 778 (D),
836 696 1047 768 chartaceus
1069 693 1194 756 Fonte·

112 803 329 878 blandensiS‚
353 823 421 884 quo
448 803 663 866 continentur
686 805 808 866 eadem
836 803 894 866 illa
916 801 1135 866 Archimedis
1159 811 1195 863 et

112 909 246 972 Eutocii
269 930 390 992 opera;
420 911 563 984 saeculi,
592 918 630 972 ut
651 911 800 985 uidetur,
829 910 920 973 XVI
927 933 934 985 ;
965 929 995 972 u.
1026 909 1194 972 Torellius

111 1038 145 1099 p.
170 1017 231 1080 IV.

200 1123 329 1187 Omnes
350 1134 483 1187 nostros
513 1127 649 1188 codices
672 1146 718 1188 ex
745 1126 868 1188 eodem
897 1124 1086 1206 exemplari
1107 1122 1194 1186 flux-

112 1233 181 1296 isse
205 1232 284 1294 inde
307 1234 459 1314 adparet,
483 1233 575 1312 quod
596 1233 630 1294 in
652 1233 747 1294 initio
770 1232 849 1294 libri
875 1231 892 1292 I
922 1233 966 1293 de
989 1232 1137 1312 sphaera
1158 1241 1195 1294 et

112 1341 269 1422 cylindro
291 1339 399 1416 mutili
422 1349 508 1402 sunt„
562 1340 603 1402 In
631 1342 684 1402 ed.
707 1339 810 1402 Basil.
834 1359 881 1400 ex
903 1338 1051 1420 epistula
1070 1338 1194 1402 Archi-

114 1447 224 1510 medis
245 1447 324 1510 huic
343 1447 430 1509 libro
452 1447 641 1528 praemissa
661 1448 749 1510 haec
772 1447 845 1509 sola
866 1446 1096 1527 reperiuntur:

199 1557 297 1622 καλῶς
334 1550 411 1636 ἔχειν
448 1553 632 1634 μεταδιδόναι
671 1559 730 1622 τοῖς
769 1555 881 1620 οἰκείοις
913 1557 969 1613 τῶν
1000 1554 1205 1635 μαθημάτων,Ι

112 1660 321 1741 ἀποστέλλομέν
344 1683 390 1720 σοι
411 1661 465 1726 τὰς
489 1659 650 1736 ἀποδείξεις
669 1661 891 1742 ἀναγράψαντες
911 1661 982 1742 ὑπὲρ
1013 1657 1054 1719 ὧν
1081 1659 1195 1730 ἐξέσται
1264 1643 1268 1656 ’

111 1769 257 1848 τοῖςπερὶ
287 1767 323 1827 τὰ
349 1767 510 1849 μαθήματα
537 1766 799 1847 ἀναστρεφομένοις
825 1766 1045 1848 ἐπισκέψασθαι
1075 1765 1193 1849 ἔρρωσο

113 1874 157 1956 (p.
185 1897 195 1935 1
224 1874 258 1935 in
281 1894 413 1936 summa
433 1873 583 1956 pagina).

199 1981 254 2044 De
275 1981 443 2062 scriptura
465 1982 561 2044 codd.
585 1981 714 2044 ParisS.
737 2001 793 2044 me
816 1963 1114 2057 certiorem'fecit,
1138 1983 1193 2045 cui

111 2088 259 2170 plurima
281 2089 402 2162 debeo,
426 2087 566 2150 Carolus
589 2086 726 2164 Graux;
749 2098 802 2151 est
823 2089 929 2171 igitur
950 2090 1093 2153 haecce:

185 2249 277 2307 2359.
300 2226 344 2290 A.
459 2194 462 2356 λ
540 2233 671 2307 ·2361.
696 2228 731 2291 C.
845 2196 848 2360 ¹
957 2235 1050 2308 2362.
1072 2231 1116 2294 D.

86 2361 188 2370 -...-—.

81 2383 86 2391 ι
192 2361 1186 2383 QL.—
1192 2369 1211 2372 .-

127 2463 293 2548 Ἀρχιμῆδης
313 2465 445 2546 Δοσιθέῳ
535 2465 614 2527 Duo
625 2466 735 2546 prima
748 2465 831 2528 folia
893 2463 1058 2550 Ἀρχιμήδης
1085 2468 1217 2549 Δοσιθέῳ

84 2575 210 2655 χαζοειν·
233 2575 371 2654 πρότερον
392 2575 445 2656 μὲν
470 2591 609 2653 prorsus
642 2581 775 2635 uacant.
854 2576 977 2657 χαίρειν.
1000 2577 1138 2655 πρότερον
1163 2575 1217 2656 μὲν

88 2680 302 2760 numerale
322 2703 366 2740 σοι
388 2678 561 2760 (νε-ωεστ
583 2677 640 2740 fol.
664 2689 717 2758 3r-:
842 2659 1074 2762 ωεστωχαμν
1093 2704 1138 2742 σοι
1155 2684 1217 2763 (re-

87 2807 172 2848 cuna
210 2785 300 2849 XIII
339 2789 445 2850 linea·
470 2789 567 2852 καλῶς
602 2783 679 2869 ἔχειν
716 2787 831 2866 μεταδι-
857 2789 949 2871 liqua
985 2789 1114 2870 pagina
1158 2811 1217 2852 ua·

86 2895 168 2975 rum)
189 2897 286 2959 καλῶς
299 2891 376 2978 ἔχειν
393 2918 445 2976 με·
472 2893 551 2953 δόναι
573 2899 632 2958 τοῖς
651 2896 765 2959 οἰκείοις
774 2897 831 2953 τῶν
857 2899 932 2976 cat).
955 2896 1047 2958 Dein
1068 2895 1124 2959 fol.
1150 2908 1205 2960 2¹³:

87 3001 230 3060 ταδιδόναι·
272 3007 331 3067 τοῖς
366 3004 445 3062 οἰκεί-
458 2995 660 3080 λμαθημάτων,
696 3001 830 3060 ἀποστέλ-
857 3006 954 3069 καλῶς
992 3001 1069 3086 ἔχειν
1100 3005 1217 3085 μεταδι-

85 3129 126 3172 οις
164 3111 223 3166 τῶν
264 3049 555 3191 μαθημάτωνλλσμεν
595 3129 641 3167 σοι
681 3108 734 3173 τὰς
764 3109 830 3167 cino·
858 3111 938 3170 δόναι
991 3117 1050 3177 τοῖς
1102 3113 1220 3178 οἰκείοις

85 3213 219 3291 (lacuna
231 3215 374 3277 duorum
389 3161 578 3290 υθλλδείξεις
597 3215 831 3295 ἀναγράψαντες·
858 3219 914 3276 τῶν
948 3218 1131 3298 μαθημάτων
1160 3220 1217 3299 (la-

83 3321 388 3405 triumuerborum)
401 3345 446 3382 σοι
457 3367 460 3453 ι
473 3320 543 3402 ὑπὲρ
570 3318 611 3380 ὧν
638 3320 753 3391 ἐξέσται
775 3325 834 3387 τοῖς
858 3345 945 3387 cuna
987 3325 1106 3388 decem
1143 3325 1216 3389 fere

84 3428 128 3506 (in
182 3429 279 3490 initio
334 3428 830 3514 λίηεοοιπερλτδμαθήματαάνα·
856 3431 1056 3513 litterarum)
1091 3455 1136 3492 σοι
1165 3433 1218 3498 τὰς

83 3536 270 3618 sequentis)
298 3537 353 3603 τὰς
379 3535 679 3616 ἀπο-ξστρερομένοις
700 3533 830 3615 ἐπισκέψ-
858 3538 1017 3608 ἀποδείξεις
1070 3539 1216 3622 ἀναγράφ-

83 3642 184 3713 δειξεις
209 3620 561 3729 ἀναγράψαντες·λασθαι
626 3641 807 3723 ἐρρωμένως.
857 3667 948 3710 αντες
990 3645 1060 3726 ὑπὲρ
1099 3643 1140 3706 ὧν
1173 3647 1216 3717 ἐξ·

85 3749 154 3831 ὑπὲρ
178 3747 220 3809 ὧν
244 3750 360 3824 ἐξέσται
389 3735 630 3827 τοῖςιγριίφονται
651 3751 710 3806 κτλ.
856 3751 938 3812 ἔσται
982 3757 1041 3819 ταῖς
1077 3755 1140 3836 περὶ
1179 3756 1216 3814 τὰ

9 3883 10 3890 ¹
84 3859 146 3938 περὶ
160 3859 197 3918 τὰ
206 3857 368 3940 μαθήματα
380 3857 459 3916 dua-²
853 3859 1015 3940 μαθήματα
1077 3861 1215 3944 ἀναστρε-

84 3965 296 4046 στρεφομένοις,
313 3962 459 4045 ἐπισκέψη
856 3966 991 4047 φαμένοις
1044 3966 1215 4049 ἐαισκέψασ·

84 4069 173 4130 ασθαι
262 4070 459 4152 ἐρρωμένως,
856 4074 907 4132 θαι
938 4072 1114 4154 ἐρρωμένως
1142 4077 1212 4157 γρά-

84 4177 109 4234 Γ
102 4178 246 4259 ράφονται
268 4180 327 4237 κτλ.
457 4192 460 4300 Ι
703 4161 705 4164 ¹
856 4201 958 4260 φονται
979 4183 1037 4240 κτλ.
