2714 4570
675 285 734 341 114

410 488 435 522 ω
527 513 543 536 ‚9
642 488 662 526 σ
759 514 775 537 y
1130 513 1146 536 ν

163 513 201 597 ,s
223 541 260 568 ·.-.·
285 515 368 585 εἷναι,
417 575 433 615 ς
460 547 499 564 ==
522 538 615 588 εστω,
640 576 664 610 ω
688 547 727 566 -τ
754 538 897 587 εστωσαν,
932 486 978 592 bx
1038 544 1080 566 τ’·
1125 537 1219 586 “M‘’

162 638 217 724 ri.
257 686 297 708 =
337 658 495 729 τουτέστιν,
529 660 546 740 ὴ
584 687 620 712 z:
657 659 733 729 ἴσον,
774 654 836 718 ἀλλ”
868 689 908 710 =
943 663 1000 719 ἀλλ’
1044 655 1077 719 ὃν
1111 657 1243 738 (ἄλλονὲ),

162 769 181 840 ξ
212 796 249 821 ·.;
286 765 395 848 13111ςὲ)
441 765 541 846 Quod
574 766 655 829 dicit
690 787 787 829 »curn
822 768 993 849 spiritibus
1023 769 1125 828 valde
1158 767 1249 828 raris·

161 877 269 958 iisque
296 884 433 936 vetusto
462 893 555 936 more
585 874 753 948 formatis
784 885 821 936 ut
849 876 883 936 in
911 876 1123 937 variantibus
1149 874 1244 956 ipsis,

139 985 219 1048 ubi
242 983 307 1064 ipsi
331 982 528 1058 inciderunt,
557 982 675 1043 videre
698 991 786 1055 est«,
815 984 907 1045 nullo
936 985 1010 1046 loco
1041 983 1180 1064 spiritus
1210 983 1245 1043 in

161 1092 328 1155 uarietate
352 1091 539 1170 scripturae
562 1090 696 1152 additus
720 1098 781 1156 est.
962 1143 965 1150 .

248 1198 391 1261 Codex
424 1197 618 1260 Uenetus
652 1197 707 1279 (V)
741 1197 810 1277 (cfr.
839 1218 871 1277 p.
910 1199 979 1278 110)
1012 1198 1246 1259 bibliothecae

162 1305 211 1370 St.
235 1306 343 1368 Marci
372 1303 498 1379 CCCV,
522 1305 557 1366 in
587 1305 643 1382 4l⁰‚
673 1307 973 1379 membranaceus
1002 1306 1130 1368 saeculi
1153 1305 1246 1376 XV;

162 1415 205 1476 de
237 1434 278 1475 eo
307 1413 482 1476 Morellius
509 1413 597 1475 Bibl.
623 1412 795 1474 manuscr.
824 1413 840 1474 Ι
869 1434 901 1493 p.
930 1417 988 1474 186
1011 1414 1098 1475 haec
1121 1415 1246 1474 habet:

163 1521 401 1584 »Archimedis
423 1540 529 1600 opera
551 1541 627 1582 cum
649 1520 781 1582 Eutocii
805 1521 1057 1583 commentariis
1069 1522 1113 1582 ab
1127 1513 1245 1601 inepto

161 1627 298 1690 librario
321 1647 397 1689 cum
421 1628 702 1702 describerentur,
722 1628 882 1690 Bessario
904 1649 1007 1690 manu
1030 1649 1092 1689 sua
1114 1629 1246 1708 passim

162 1737 342 1818 supplevit,
365 1757 418 1810 ne,
448 1737 541 1818 quod
568 1756 636 1797 non
665 1755 742 1797 raro
771 1735 936 1809 faciebat,
964 1755 1027 1816 pro
1056 1735 1150 1796 veris
1178 1736 1247 1796 lec-

127 1881 130 1891 ·
161 1844 310 1906 tionibus
332 1844 366 1904 in
388 1845 490 1904 rebus
503 1843 870 1922 sibiincomprehensis
892 1852 1043 1905 monstra
1058 1843 1247 1904 verborum

162 1953 218 2012 ille
251 1960 403 2031 poneret.
458 1951 525 2012 Hic
559 1951 653 2012 initio
691 1950 836 2025 mutilus,
864 1949 1082 2011 Archimedis
1116 1950 1248 2030 scripta

116 2109 124 2124 .
162 2059 285 2120 eodem
318 2058 435 2120 ordine
470 2058 628 2130 continet,
663 2078 730 2138 quo
764 2068 841 2120 sunt
874 2058 909 2119 in
942 2058 1059 2120 codice
1093 2058 1247 2118 Lauren-

162 2167 256 2227 tiano
279 2165 320 2244 (u.
345 2165 468 2246 supra),
491 2166 593 2226 immo
623 2183 705 2226 vero
729 2168 869 2227 easdem
900 2185 976 2227 cum
999 2164 1055 2226 ilio
1077 2165 1248 2226 lectiones

162 2274 196 2335 in
225 2271 414 2335 Oxoniensi
445 2272 593 2335 editione
623 2275 782 2354 vulgatas
809 2274 938 2334 habere
962 2274 1063 2345 solet,
1094 2271 1247 2352 reliquas

163 2379 359 2442 differentes
397 2380 524 2441 librarii
557 2380 685 2442 incuria
718 2381 862 2442 fortasse
896 2379 996 2453 fudit,
1029 2388 1067 2440 ut
1099 2379 1247 2458 proinde

162 2489 274 2552 codex
290 2498 433 2569 uterque
448 2487 547 2549 unius
564 2487 785 2568 eiusdemque
804 2487 953 2548 familiae
976 2506 1052 2548 esse
1074 2487 1245 2548 videatur.

162 2595 357 2676 Sequuntur
391 2596 440 2657 uti
472 2605 550 2675 post
582 2595 826 2657 Archimedem
861 2596 894 2656 in
922 2595 994 2656 cod.
1025 2614 1097 2674 reg.
1134 2594 1244 2656 Paris.

165 2726 180 2765 2
186 2709 242 2781 361
271 2712 306 2764 et
327 2704 362 2765 in
384 2703 615 2764 Laurentiano
638 2704 787 2765 Heronis
811 2704 854 2765 de
876 2691 1073 2763 mensuris«

249 2809 391 2872 Codex
413 2810 563 2890 regius
585 2811 808 2872 Parisinus
830 2829 880 2871 nr.
906 2830 987 2886 2359
1012 2807 1067 2888 (A)
1091 2808 1246 2869 continet

162 2919 284 2981 eadem
314 2916 531 2979 Archimedis
565 2927 599 2979 et
628 2917 759 2979 Eutocii
788 2918 926 2999 scripta,
957 2934 1045 2997 quae
1068 2916 1143 2976 cod.
1167 2915 1208 2977 Fl
1230 2949 1245 2960 -

162 3027 323 3099 rentinuS,
347 3035 448 3106 atque
472 3026 593 3085 eodem
616 3025 750 3098 ordine;
774 3026 916 3086 duorum
939 3023 1119 3102 (interdum
1138 3023 1243 3083 etiam

163 3135 281 3220 tertius
311 3133 453 3213 accedit)
475 3132 688 3194 librariorum
715 3153 817 3193 manu
846 3132 990 3211 scriptus
1015 3138 1082 3202 est,
1114 3130 1242 3191 saeculi

161 3251 199 3303 ut
220 3241 355 3303 uidetur
376 3239 483 3313 XVI;
505 3261 537 3302 u.
555 3239 722 3302 Torellius
744 3261 776 3319 p.
801 3239 842 3300 Π.
887 3238 941 3300 De
965 3239 1030 3299 hoc
1054 3237 1173 3298 codice
1207 3214 1242 3298 et
1352 3237 1353 3264 ¹

163 3348 383 3429 sequentibus
406 3369 436 3409 u.
461 3346 647 3428 Catalogus
677 3348 774 3409 codd.
798 3367 877 3408 mss,
908 3346 989 3407 bibl.
1019 3365 1090 3424 reg.
1122 3343 1238 3423 (Paris.

167 3477 247 3536 1739
271 3457 330 3536 sq.)
342 3455 375 3516 11
386 3475 419 3534 p.
433 3458 590 3532 488-—89.
635 3455 696 3516 Est
718 3455 928 3526 chartaceus,
951 3453 1031 3514 olim
1053 3451 1238 3513 Mediceus.

249 3562 394 3625 Codex
423 3563 646 3624 Parisinus
678 3567 781 3640 2360
808 3562 876 3641 (Β),
911 3561 1126 3631 chartaceus
1162 3559 1239 3620 olim

161 3670 347 3743 Mediceus
372 3671 493 3754 eadem
515 3661 709 3731 continens(
750 3670 791 3731 In
813 3668 880 3730 fine
903 3667 1008 3730 libelli
1030 3668 1073 3731 de
1096 3668 1239 3746 quadra·

162 3788 239 3840 tura
261 3778 446 3858 parabolae
469 3778 574 3838 habet
596 3797 714 3840 uersus
744 3798 776 3857 p.
805 3799 862 3854 113
893 3797 939 3838 ex
966 3776 1039 3837 cod.
1069 3774 1159 3836 Flor.
1183 3774 1239 3833 ad·

165 3923 367 3930 ——-..—..-.-—--

180 3986 210 4060 ἢ
230 3989 295 4044 Hae
315 3989 409 4060 siglae
434 3993 573 4043 adcurate
599 3999 758 4059 expressae
783 4005 843 4041 non
868 3995 949 4053 sunt,
975 3987 1028 4040 sed
1051 3985 1124 4039 satis
1148 3975 1239 4038 habui

232 4091 282 4128 eas
301 4091 357 4143 per
375 4074 492 4128 litteras
517 4073 631 4126 similes
657 4072 840 4140 significare,
865 4071 909 4126 ita
931 4078 964 4124 ut
983 4071 1171 4140 aliquatenus
1190 4069 1238 4122 ad-

230 4165 351 4230 pareret
369 4157 534 4210 similitudo
555 4157 797 4227 oompendiorum
816 4155 895 4209 infra
913 4156 1088 4208 adlatorum.
