2750 4594
666 288 704 343 14

238 493 262 532 1.
307 469 356 532 Ut
377 470 426 532 ita
447 471 492 531 ab
517 468 725 532 Archimede
753 470 827 550 ipso
855 469 909 532 hic
931 469 1017 531 liber
1038 468 1221 549 inscriptus

150 556 202 631 sit,
225 555 298 618 fieri
319 575 387 617 non
409 564 535 637 potest,
565 575 641 618 cum
662 555 860 636 parabolam
882 573 1017 635 semper
1044 553 1221 634 ὀρθογωνίου

149 643 241 700 κώνου
264 641 350 722 τομήν
378 641 544 714 nominet,
578 643 622 702 de
654 660 722 720 qua
743 659 781 701 re
802 660 833 702 u.
862 640 896 700 in
924 639 1040 720 primis
1061 638 1222 701 Eutocius

149 727 183 788 in
205 725 363 808 Apollon.
387 746 418 807 p,
443 748 471 803 o.
515 725 675 788 Eutocius
697 745 729 806 p.
753 746 791 806 47
816 725 870 787 lin.
901 746 941 803 29
970 724 1080 812 habet¹
1103 725 1136 784 τὸ
1158 724 1223 803 περὶ

150 813 380 891 τετραγωνισμοῦ
409 815 459 891 τῆς
490 811 668 892 ὀρθογωνίου
700 810 793 870 κώνου
822 814 917 890 τομῆς.
970 809 1076 891 Apud
1104 808 1223 870 Tarta-

149 898 239 959 leam
261 895 316 958 fol.
344 918 380 974 19
411 916 511 958 uerso
540 895 842 977 »tetragonismus«
869 905 1019 958 uocatur.
1069 896 1109 957 In
1131 903 1223 956 cata-

149 984 230 1064 logo
261 1000 399 1062 operum
429 981 645 1044 Archimedis
674 983 718 1043 ab
748 981 867 1043 Arabe
894 979 1040 1061 quodam
1068 978 1222 1068 confecto

151 1067 268 1148 (Casiri
288 1065 375 1128 bibl.
394 1069 485 1129 arab.
513 1067 583 1148 Ip.
608 1069 680 1149 383)
709 1087 822 1129 errore
849 1076 968 1147 aperto
991 1075 1059 1128 est:
1090 1067 1132 1127 de
1161 1065 1223 1127 cir·

152 1153 217 1214 culi
239 1153 452 1233 quadratura.

238 1294 265 1335 2.
310 1271 352 1333 D.
376 1270 617 1333 Hoffmann:
640 1271 706 1332 Die
723 1269 916 1351 Quadratur
932 1271 993 1331 der
1003 1269 1225 1332 Parabeldes

150 1355 194 1418 A.
217 1357 278 1418 mit
306 1355 507 1418 Hiilfsiitzen
535 1358 711 1418 versehen.
756 1354 1033 1437 Aschaffenburg
1059 1360 1147 1435 1817.
1193 1357 1223 1415 8.

134 1543 138 1550 ,
236 1476 276 1537 In
294 1475 368 1538 libr.
392 1478 470 1557 περὶ
493 1478 657 1556 σφαίρας
676 1475 948 1556 καὶκολίνδροο
975 1475 1006 1538 Ι;
1029 1474 1226 1556 praemissis
1268 1543 1271 1548 Α

152 1575 368 1646 defitionibus
383 1584 427 1665 (p.
442 1585 492 1664 64)
512 1594 546 1645 et
557 1583 737 1645 axiomatis
749 1583 791 1665 (p.
806 1586 856 1665 65)
879 1593 956 1666 post
977 1583 1227 1665 propositiones

153 1693 331 1754 nonnullas
361 1690 653 1754 manifestissimas
677 1691 807 1773 (I—III)
841 1702 1055 1773 exponuntur
1092 1692 1226 1772 prqble-

152 1810 245 1862 mata
273 1801 441 1880 quaedam
472 1800 514 1861 de
543 1799 788 1880 constructione
816 1801 1064 1881 polygonorum
1094 1799 1226 1862 circulis

153 1907 390 1988 inscriptorum
423 1915 458 1968 et
487 1907 811 1988 circumscriptorum
845 1908 960 1968 datam
992 1908 1157 1969 rationem
1191 1907 1226 1968 in

152 2015 265 2077 uicem
292 2014 489 2076 habentium
519 2013 716 2095 (IV—VII);
747 2015 825 2076 dein
853 2016 896 2076 de
926 2013 1102 2096 superficie
1124 2034 1226 2096 pyra-

154 2123 282 2184 midum
320 2123 411 2185 conis
445 2122 680 2203 inscriptarum
714 2123 770 2185 uel
802 2121 1156 2202 circumscriptarum,
1182 2122 1227 2184 de

154 2229 330 2310 superficie
360 2249 519 2292 conorum
546 2239 580 2292 et
616 2231 843 2310 cylindrorum
877 2228 1147 2311 (VIII-XVII),
1182 2231 1226 2291 de

153 2337 322 2400 uolumine
346 2341 505 2400 cenorum
536 2335 824 2422 (XVlssssXXI).
879 2337 943 2400 His
973 2338 1096 2400 deinde
1124 2337 1227 2399 utitur

156 2447 201 2508 ad
243 2443 454 2526 superficiem
493 2447 717 2528 uolumenque
759 2447 997 2508 inueniendum
1042 2444 1227 2526 figurarum

157 2539 324 2635 sphaerae
346 2555 401 2615 uel
422 2553 661 2635 inscriptamm
688 2555 745 2616 vel
773 2552 1115 2634 circumscriptarum,
1139 2572 1227 2633 quae

154 2661 361 2743 compositae
384 2671 461 2723 sunt
483 2682 528 2723 ex
551 2662 644 2724 conis
667 2681 893 2742 conorumque
916 2661 1041 2723 truncis
1064 2659 1227 2740 (XXII—

154 2768 340 2850 XXXIV).
404 2767 535 2849 Quibus
580 2770 818 2831 demonstratis
858 2769 1020 2842 ostendit,
1061 2769 1228 2848 sphaerae

155 2875 366 2958 superficiem
385 2877 608 2958 quadruplam
627 2897 702 2938 esse
722 2877 836 2939 circuli
855 2877 888 2938 in
906 2897 948 2938 ea
964 2876 1104 2938 maximi
1121 2875 1227 2956 (prop.

155 2983 332 3066 XXXV),
380 3004 482 3064 quam
519 2985 783 3065 propositionem
823 2985 910 3046 inter
944 2983 1229 3064 praeclarissimas

154 3093 252 3153 huius
292 3091 368 3152 libri
408 3093 489 3154 citat
527 3091 632 3172 praef.
666 3111 698 3172 p.
734 3096 783 3169 63.
845 3083 944 3152 Tum
969 3100 1105 3171 reperto
1142 3111 1228 3153 cono

156 3200 321 3280 sphaerae
367 3200 500 3280 aequali
545 3199 648 3280 (prop.
687 3197 865 3280 XXXVI)
912 3200 1092 3279 exponitur
1131 3220 1228 3281 prae·

156 3307 282 3369 clarum
305 3306 386 3368 illud
407 3308 584 3369 theorema
611 3308 654 3368 de
686 3307 816 3369 ratione
839 3306 1005 3388 sphaerae
1029 3316 1063 3368 et
1086 3307 1228 3389 cylindri

156 3414 396 3495 circumscripti
409 3413 618 3509 (XXXVJR
641 3414 746 3495 praef.
759 3435 791 3496 p.
805 3415 866 3496 63),
890 3422 956 3495 quo
979 3424 1105 3494 quanto
1124 3434 1227 3495 opere

155 3522 300 3582 laetatus
334 3521 376 3583 sit
408 3520 647 3596 Archimedes,
685 3521 830 3584 uidimus
868 3541 970 3602 supra
1002 3542 1035 3603 p.
1067 3525 1095 3584 8.
1151 3521 1227 3584 Hoc

158 3638 342 3708 sequuntur
364 3629 579 3709 quaestiones
609 3631 652 3691 de
679 3628 857 3710 superficie
890 3640 925 3692 et
952 3629 1120 3692 uolumine
1142 3627 1227 3710 figu-

156 3755 268 3797 rarum
291 3735 442 3798 similiter
457 3735 507 3810 iis,
525 3739 568 3798 de
587 3737 709 3818 quibus
732 3757 843 3818 supra,
859 3737 1045 3818 segmentis
1062 3737 1227 3818 sphaerae

156 3843 391 3924 inscriptarum
414 3853 448 3906 et
469 3843 794 3924 circumscriptarum
811 3843 1226 3925 (XXXVIII-xmp

157 3951 278 4030 quibus
300 3951 392 4012 nisus
423 3950 634 4033 superficiem
657 3953 822 4033 sphaerae
852 3951 1020 4032 segmenti
1050 3953 1228 4031 aequalem

158 4079 233 4121 esse
257 4059 379 4121 circulo
402 4058 566 4133 ostendit,
590 4060 683 4122 euius
705 4060 821 4121 radius
843 4058 994 4140 aequalis
1016 4060 1059 4120 sit
1079 4057 1190 4120 lineae
1207 4078 1228 4120 a

156 4166 283 4229 uertice
297 4167 464 4247 segmenti
481 4166 526 4228 ad
540 4167 768 4248 peripheriam
783 4145 875 4228 basis
888 4167 1010 4228 ductae
1022 4163 1226 4246 (XLVHI—
