2714 4570
602 314 656 355 121

221 532 258 594 F.
414 625 417 632 Ι
483 530 593 592 Paris,
618 534 702 606 2360
723 528 762 590 B.
922 526 1093 589 RiualtuS.

54 793 244 875 ιζομόζουσαν
273 792 342 873 ὑπὲρ
372 791 626 897 αὐ-ἱὰρμόζουσαν
661 789 731 869 ὑπὲρ
759 787 806 847 αιἰ-
833 789 1013 869 ἁρμόζουσαν
1044 789 1114 871 ὑπὲρ
1144 791 1193 850 αΟ-

56 905 116 960 τῶν
167 901 310 979 ἀπόφασιν
359 921 420 958 ποι·
449 900 505 956 τῶν
549 897 707 975 ἀπόφανσιν
751 898 890 964 noc-{rav
933 896 1088 976 ἀπόφανσιν
1136 921 1194 957 ποι·

57 1009 199 1088 η’σασθαι·
258 1007 421 1086 δοκιμάζον-
448 1004 584 1086 ἡσυσδαι·
644 1003 806 1082 δοκιμάζυν·
819 977 821 999 ⁸
834 1005 971 1086 ήσασδαι.
1028 1005 1195 1086 δοκιμάζον-

60 1137 109 1180 τες
153 1114 188 1174 δὲ
223 1114 289 1194 (ain
326 1114 420 1176 hisce
448 1133 495 1176 τες
516 1111 550 1170 δὲ
578 1110 625 1187 (in
651 1109 806 1190 margine
819 1132 821 1207 ρ
834 1130 883 1179 τες
927 1113 962 1174 δὲ
1008 1112 1060 1190 (In
1098 1113 1193 1174 initio

62 1222 177 1283 verbis
209 1221 333 1283 desinit
354 1221 420 1302 pri·
447 1220 492 1280 ad
524 1217 633 1280 uerba
667 1217 722 1297 πρὸ
757 1212 909 1293 ...ξλίλπὶ
945 1223 1067 1296 habet,
1107 1222 1193 1284 sicut

64 1349 127 1392 mae
156 1329 296 1410 paginae
331 1328 421 1390 eodi·
448 1324 566 1394 ἐὐδόξου
600 1327 644 1405 (Ρ.
690 1296 880 1420 120‚1s)iB:
947 1323 1194 1388 ΑΡΧΙΜΙΙΔΟΥΣ

69 1437 112 1497 eis
142 1455 225 1517 pars
263 1435 420 1509 anterior,
449 1432 651 1494 adscribitur
684 1424 821 1509 eadem]
837 1435 917 1496 ΤΟΥ
945 1437 976 1517 (λ)
1009 1437 1073 1516 περὶ
1111 1439 1194 1515 σφαί-

69 1544 120 1604 ubi
147 1543 347 1617 notandum,
369 1561 421 1616 ea,
448 1536 565 1602 manu:
589 1538 618 1598 ἐν
641 1544 699 1603 τοῖς
718 1530 890 1624 ἐσχοὶ-’ρας
909 1544 957 1603 καλ
978 1543 1123 1623 κυλίνδρου
1144 1542 1194 1622 (ti-

67 1669 138 1729 quae
162 1670 226 1711 nos
246 1650 421 1730 hucusque
449 1670 508 1713 τοις
543 1647 664 1729 χωρίοις
699 1642 810 1710 τούτοις
834 1652 896 1714 tuli
925 1652 1021 1731 1000),
1052 1651 1193 1712 deinde:

65 1757 316 1838 descripsirnuS‚
350 1777 420 1818 ma·
449 1754 532 1814 οὐδὲν
562 1755 655 1812 λείπει.
710 1751 808 1814 Uidit
881 1759 927 1820 TO
950 1757 1156 1818 ΠΡΟΟΙΜΙΟΝ

66 1884 144 1926 num
177 1865 340 1945 praeierre
373 1863 422 1926 di·
449 1861 552 1943 igitur
573 1860 739 1932 librarius,
771 1879 808 1920 se
941 1864 1081 1926 ΛΕΙΠΕΙ.

68 1990 201 2034 versam
224 1973 268 2032 ab
281 1991 333 2044 ea,
345 1989 422 2052 quae
449 1989 518 2031 non
533 1975 627 2030 recte
645 1967 733 2028 inter
754 1967 809 2046 πρό
836 1974 862 2034 H
891 1973 990 2054 πρώτη
1028 1973 1085 2054 γὰρ
1121 1972 1199 2036 οελλς

65 2087 172 2140 totum
210 2078 335 2141 deinde
368 2097 423 2139 co·
450 2084 485 2138 et
507 2075 625 2145 εὐδίξοο
651 2075 809 2136 lacunam
836 2083 886 2141 τοῦ
918 2081 1093 2160 ἀντιγράφου
1120 2080 1195 2159 ἀφο-

67 2185 176 2248 dieem
256 2184 421 2247 exaravit.
449 2183 634 2263 reliquisse.
683 2181 723 2242 In
748 2180 805 2242 ini·
835 2188 885 2269 νὴς
904 2186 947 2270 ἢν,
969 2187 1011 2252 ὡς
1031 2189 1114 2268 δρᾷς)

65 2291 149 2354 Pars
186 2293 325 2373 paginae
364 2311 423 2373 po·
450 2291 498 2352 tio
526 2288 692 2370 epistulae
722 2289 810 2350 haec

68 2400 188 2462 sterior
238 2399 355 2480 incipit
403 2419 424 2460 a
450 2397 570 2460 habet:
631 2393 813 2478 Ἀρχιμήδους

68 2505 180 2568 verbis
218 2509 315 2570 καλῶς
349 2516 423 2580 eto,
452 2507 501 2562 τοῦ
524 2503 587 2582 περὶ
610 2504 736 2582 σφαίρας
764 2502 811 2560 καλ

71 2667 88 2706 a
140 2647 266 2728 quibus
322 2646 425 2708 etiam
451 2643 597 2724 κυλίνδρου
622 2643 658 2700 τὸ
685 2609 811 2722 πρόοᾴιιον

74 2755 244 2816 exorditur
255 2755 308 2815 ed.
329 2753 425 2815 Basi-
451 2748 572 2828 uectat)
596 2750 612 2830 ἡ
632 2748 731 2829 πρώτη
753 2747 811 2826 γὰρ

71 2860 213 2924 λεεηελε<<
237 2859 425 2922 Bandinius
453 2857 528 2922 σελλς
554 2858 604 2915 τοῦ
634 2855 811 2934 ἀντιγράφου
888 2913 891 2919 ,

71 2970 157 3048 apud
186 2967 369 3028 Torellium
391 2988 424 3048 p.
453 2966 564 3044 ἀφανῆς
585 2961 627 3044 ἦν,
651 2961 693 3027 ὡς
718 2963 810 3042 όρᾶις)
838 2961 935 3023 καλῶς
966 2953 1043 3039 ἔχειν
1081 2952 1197 3033 μεταδι-

71 3079 142 3154 387)
165 3076 263 3138 καλῶς
282 3070 360 3156 ἔχειν
376 3095 427 3154 με·
453 3074 549 3136 καλῶς
584 3068 662 3153 ἔχειν
697 3069 812 3151 μεταδι-
839 3066 919 3124 δόναι
950 3069 1011 3127 τοῖς
1037 3060 1134 3125 αὐτοῖς
1162 3061 1198 3118 σι’-

73 3181 213 3240 ταδιδόναι
240 3186 299 3244 τοῖς
319 3183 431 3246 οἰκείοις
454 3181 534 3239 δόναι
587 3182 646 3242 τοῖς
703 3177 815 3240 οἰκείοις
840 3173 926 3236 κείοις
962 3173 1019 3230 τῶν
1061 3165 1198 3249 μαθημά-

70 3287 260 3370 μοΟτρμάτων,
294 3287 428 3347 ἀποστέλ-
455 3288 511 3345 τῶν
531 3284 656 3365 μαθημα
678 3331 812 3346 .......
840 3283 913 3349 τῶν,
990 3275 1198 3352 ἀποστέλλομεν

72 3394 153 3475 λυμέν
176 3416 221 3452 σοι
243 3394 297 3459 τὰς
316 3393 429 3453 ἀποδεί-
508 3391 607 3472 λλομέν
619 3413 665 3449 σοι
674 3392 727 3456 τὰς
746 3391 813 3449 ἀπο·
841 3411 883 3446 τοι
933 3384 986 3449 τὰς
1040 3379 1201 3454 ἀποδείξεις

73 3501 129 3574 ξεις
200 3500 428 3581 ἀναγράψαντες,
458 3499 563 3569 δείξεις
596 3499 817 3578 ἀναγράψαντες
840 3491 1072 3573 ἀναγράψαντες,
1127 3485 1198 3566 ὑπὲρ

74 3607 142 3689 ὑπὲρ
172 3605 213 3666 ὧν
239 3605 354 3681 ἐξέσται
374 3614 434 3672 τοῖς
458 3606 528 3686 ὑπὲρ
551 3602 592 3665 ὧν
623 3603 737 3674 ἐξέσται
758 3609 818 3668 τοῖς
841 3599 882 3660 ὧν
911 3597 1026 3674 ἐξέσται
1052 3601 1111 3660 τοῖς
1135 3594 1199 3673 περὶ

96 3931 121 3998 *λ
139 3931 270 3987 Uidetur
288 3930 472 4000 significare:
500 3945 638 3982 mancum
667 3931 721 3980 est.
768 3925 827 3979 Otr.
855 3923 1004 3978 scholium
1030 3923 1069 3977 ud
1094 3917 1198 3986 Eurip.

141 4016 205 4070 Ion.
226 4019 275 4068 534
295 4013 404 4076 (Bothe
423 4013 453 4066 II
472 4029 499 4081 p.
520 4011 596 4080 533),
624 4009 674 4063 ubi
701 4014 786 4070 λείπει
814 4008 996 4079 adscriptum
1023 4012 1070 4060 est
1095 4001 1199 4058 uersui

143 4116 202 4152 uno
221 4098 297 4168 pede
316 4095 456 4151 breuiori.
