2750 4594
663 300 700 358 27

139 499 248 559 quam
271 478 413 543 offendit
434 482 615 542 uerborum
645 483 744 554 ordo;
779 481 922 544 offendit
950 483 1051 545 etiam
1084 486 1223 564 pluralis

137 566 324 644 numerus).
369 564 469 646 Quod
486 565 704 628 Eratostheni
726 567 937 647 potissimum
959 567 1023 630 hoc
1046 570 1223 649 problema

137 649 250 716 misit,
284 649 321 710 id
352 670 394 711 ea
425 653 469 712 de
503 671 607 712 causa
636 648 763 712 factum
796 661 863 724 est,
898 652 989 730 quod
1022 653 1050 714 is
1084 655 1127 715 de
1161 656 1222 717 sci·

142 735 241 796 entia
262 754 479 797 numerorum
501 733 683 815 scripserat
705 735 942 814 (Nesselmann
964 757 996 817 p.
1025 741 1103 818 186).

231 864 258 904 2.
304 841 416 905 Schol.
439 843 526 906 Plat.
551 842 721 905 Charmid.
748 849 816 921 165,
833 865 867 906 e:
892 845 1005 925 θεωρεῖ
1023 847 1052 926 (ὴ
1068 848 1220 928 λογιστική)

136 923 190 984 οὖν
224 929 308 986 τοῦτο
339 928 393 1007 μὲν
426 929 459 987 τὸ
489 927 592 1008 κληθὲν
628 929 673 987 ὑπ’
696 925 876 1010 Ἀρχιμήδους
905 929 1023 1005 floscula
1060 931 1220 1011 πρόβλημα,

138 1015 227 1070 τοῦτο
250 1012 283 1071 δὲ
309 1015 429 1093 μηλίτας
455 1014 502 1072 καὶ
529 1015 661 1091 φιαλίτας
680 1011 821 1093 ἀριθμούς
846 1013 989 1094 (spectat
1018 1016 1062 1076 ad
1089 1017 1221 1096 proble-

137 1105 236 1166 mata
259 1097 293 1158 in
316 1095 455 1160 Anthol.
485 1097 584 1170 XIV,
606 1119 623 1176 3
644 1107 678 1158 et
694 1098 751 1183 12).
800 1097 931 1159 Eadem
953 1099 1058 1162 habet
1079 1100 1221 1184 Anony-

138 1201 215 1244 mus
238 1182 273 1242 in
295 1181 465 1244 Hultschii
487 1181 614 1245 Heron.
639 1204 657 1260 9
676 1202 707 1263 p.
731 1186 800 1259 248.
845 1181 922 1244 Huc
945 1183 1115 1264 pertinere
1137 1195 1220 1265 puto

137 1267 360 1346 prouerbium
382 1268 464 1329 illud
487 1267 531 1328 de
553 1287 589 1328 re
617 1265 822 1348 perdifficili:
851 1269 1002 1348 πρόβλημα
1025 1267 1220 1352 Ἀρχιμὴὃειιιν

139 1351 220 1430 (Cic.
244 1353 290 1412 ad
311 1350 416 1414 Attic.
439 1351 520 1425 XII,
544 1375 572 1429 4.
595 1351 696 1429 XIII„
718 1355 778 1432 28).
1019 1346 1024 1358 '

226 1459 412 1521 Praeterea
444 1459 595 1520 tribuunt
628 1458 843 1520 Archimedi:
885 1460 1014 1538 antiqui
1047 1461 1219 1541 scriptoris

138 1569 191 1628 de
233 1568 412 1646 speculo
458 1567 736 1629 comburente
776 1568 1060 1629 concavitatis
1098 1589 1221 1648 para·

138 1675 270 1735 bolae
314 1693 360 1736 ex
405 1673 512 1736 Arab.
546 1673 650 1737 latine
688 1687 772 1739 vert.
812 1672 1017 1756 Gongava
1055 1675 1220 1754 (Louvain

143 1786 234 1859 1548.
267 1785 298 1858 4)
326 1783 364 1862 ι).
393 1780 534 1842 Librum
555 1801 622 1843 non
637 1781 715 1853 uidi,
739 1782 800 1842 sed
823 1782 969 1843 dubitari
990 1783 1116 1861 nequit,
1140 1785 1221 1863 quin

138 1889 311 1970 genuinus
333 1908 401 1950 non
424 1887 475 1961 sit,
499 1888 658 1966 quoniam
681 1888 715 1949 in
738 1907 779 1950 eo
806 1888 929 1956 citatur
940 1888 1141 1969 Apollonius
1154 1891 1219 1952 Ar-

137 1997 297 2058 chimede
330 1994 446 2058 iunior.
483 1997 521 2075 2).
571 1993 717 2056 Omnino
747 2014 815 2056 non
848 2005 946 2074 puto,
975 1995 1219 2060 ArchImedem

136 2104 349 2184 singularem
383 2104 504 2165 librum
533 2105 576 2164 de
606 2103 752 2183 speculis
779 2103 1054 2164 comburentibus
1084 2124 1219 2185 compo·

137 2211 248 2272 suisse
272 2209 341 2289 (cfr.
364 2210 492 2291 infrah

230 2340 255 2379 1.
300 2317 448 2379 Titqum
470 2317 572 2379 citaui
590 2339 636 2379 ex
651 2316 814 2380 Graesse:
837 2316 975 2378 Handb.
992 2319 1022 2379 d.
1035 2317 1216 2401 Litterarg.

44 2437 47 2444 -
135 2403 163 2476 I,
184 2424 200 2465 2
221 2422 253 2482 p.
268 2406 327 2463 682
353 2413 387 2464 et
408 2403 595 2464 Montucla:
614 2403 702 2464 Hist.
726 2404 787 2464 des
809 2402 912 2470 math.
935 2403 952 2462 I
973 2408 1102 2482 p..236.
1127 2402 1218 2466 Gon-

134 2507 232 2570 gaua
253 2487 376 2549 librum
398 2486 598 2549 Archimedi
620 2488 769 2549 tribuere
791 2506 859 2549 non
881 2487 1023 2548 uidetur.

229 2616 256 2656 2.
302 2593 378 2656 Hoc
402 2594 530 2675 sumpsi
554 2615 598 2655 ex
621 2593 767 2656 Fabricii
789 2593 876 2655 Bibl.
906 2614 1020 2675 graec
1053 2595 1215 2677 (Hambg.

141 2681 236 2760 1707)
259 2678 311 2739 IV
333 2699 365 2760 p.
391 2683 461 2757 548.
506 2678 585 2740 Non
608 2679 778 2740 exstatin
803 2681 880 2740 edit.
904 2679 1102 2760 Maurolyci,
1126 2682 1218 2759 quod

135 2764 322 2828 crediderit
351 2765 472 2843 aliquis
506 2763 652 2825 Fabricii
679 2763 794 2824 uerbis
816 2764 996 2836 adductus;
1026 2765 1218 2827 nominatur

135 2859 281 2912 tantum.

225 2977 428 3058 Epistola
449 2977 724 3039 Archimedis
758 2978 810 3038 ad
842 2997 983 3058 regem
1014 2975 1217 3040 Gelonem

135 3085 233 3147 edita
256 3095 309 3147 est
338 3107 358 3147 a
380 3084 415 3147 C.
439 3085 641 3165 Henning
675 3085 832 3162 (Darmst.
869 3089 957 3164 1872.
988 3088 1037 3165 4.).
1093 3084 1216 3148 Subdi-

134 3193 246 3255 tiuam
280 3213 357 3254 eam
396 3213 488 3265 esse,
522 3193 596 3273 ipse
630 3190 795 3272 Henning
829 3192 1073 3253 demonstrauit
1094 3194 1114 3255 l.
1138 3193 1158 3254 l.
1182 3214 1230 3275 p.,

139 3322 255 3374 1—10,
289 3320 354 3362 nec
377 3319 462 3380 opus
485 3309 537 3360 est
559 3299 657 3378 plura
678 3299 894 3378 conquirere,
918 3318 1124 3377 quamquam
1147 3320 1215 3362 non

135 3428 251 3490 pauca
280 3407 405 3469 indicia
435 3406 689 3482 certissimayab
713 3425 754 3467 eo
777 3406 1018 3485 praetermissa
1040 3416 1131 3479 sunt;
1155 3406 1215 3467 fl

136 3515 248 3577 sarius
282 3515 436 3577 arenario
469 3513 619 3575 maxime
649 3511 867 3574 Archimedis
900 3533 980 3574 usus
1014 3523 1075 3575 est.
1131 3513 1215 3574 Ueri

135 3623 248 3685 simile
282 3632 334 3684 est
366 3621 454 3682 hanc
487 3620 665 3700 epistolam
700 3640 721 3681 a
744 3621 797 3682 Fr.
821 3619 962 3681 Nodot
984 3639 1060 3682 esse
1083 3620 1213 3692 fictam;

135 3749 220 3792 narn
241 3738 378 3810 reperta
400 3749 476 3790 esse
499 3729 621 3790 dicitur
644 3727 757 3789 Albae
780 3724 934 3789 Graecae
957 3746 986 3788 a.
1025 3731 1120 3798 1688,
1155 3727 1214 3806 (sic

136 3837 230 3899 enim
262 3835 436 3918 praefatur
468 3835 625 3896 librarius
657 3855 688 3914 p.
728 3856 779 3896 10:
822 3834 966 3915 epistola
998 3833 1215 3896 Archimedis

135 3943 254 4006 Albae
287 3941 441 4005 Graecae
474 3949 612 4022 reperta
641 3961 730 4002 anno
761 3960 862 4002 aerae
885 3939 1097 4004 Christianae
1124 3945 1212 4002 1688.

136 4050 393 4133 Typographus
426 4031 471 4130 (1)λ
489 4049 607 4111 lectori
640 4050 792 4111 salutem.
847 4047 993 4109 Videtur
1024 4049 1090 4109 hoc
1123 4046 1214 4127 frag·

136 4165 300 4232 mentum,
324 4158 415 4236 quod
437 4155 550 4217 forsan
576 4153 698 4218 mirere
712 4155 839 4218 nemini
854 4162 1084 4244 memoratum,
1107 4163 1214 4214 trans-
