2750 4594
687 268 728 309 20

165 451 236 533 I.p.
261 455 320 530 487
345 470 395 531 sq.
419 470 451 531 p.
477 470 539 527 504
563 471 612 531 sq.
663 449 701 511 P.
724 448 768 511 A.
793 449 981 512 Cataldi:
1005 449 1126 512 Difesa
1149 450 1248 512 d'Ar-

165 536 323 599 chimede
354 535 443 596 dalle
473 536 618 616 opposit.
649 534 684 596 di
713 531 890 615 Scaligero
921 534 1053 597 intorno
1077 537 1144 597 alla
1166 555 1248 616 qua·

165 622 248 683 drat.
284 621 340 682 del
374 621 516 682 cerchio.
567 620 725 700 Bologna
752 627 840 681 1612.
864 619 921 682 fol.
945 655 987 664 —
1009 619 1035 682 I.
1069 619 1245 682 Wallis:

164 705 381 768 Archimedis
412 706 586 767 arenarius
620 714 654 767 et
684 705 849 766 dimensio
882 705 1010 778 circuli,
1046 705 1178 767 Eutocii
1211 706 1247 768 in

162 792 253 852 hanc
276 799 455 852 comment.
486 811 514 852 c.
545 810 633 852 vers.
657 798 691 850 et
721 789 817 851 notis
871 788 982 852 Oxon.
1018 795 1108 870 1678.
1141 795 1169 853 8.
1193 792 1245 871 (=

164 875 304 938 Wallis:
328 873 480 956 Operum
507 874 559 936 ΙΠ
581 895 613 956 p.
639 875 806 954 539—46).
851 872 1147 938 Gutenaicker:
1184 875 1248 938 A's
1297 885 1304 897 ‘

166 962 438 1041 Kreismessung
459 980 510 1042 gr.
534 981 565 1021 u.
589 960 741 1022 deutsch.
786 958 983 1041 Wiirzburg
1009 964 1098 1023 1828.
1130 965 1158 1022 8.
1203 960 1249 1024 A.

164 1045 331 1108 dimensio
365 1045 480 1107 circuli
517 1065 592 1107 cum
614 1045 731 1106 Eutoc.
756 1064 875 1106 comm.
899 1046 975 1107 edd.
998 1045 1179 1108 Knoche
1212 1056 1250 1109 et

163 1131 350 1192 Marker.
403 1129 499 1191 Herf.
528 1134 617 1207 1854.
647 1153 675 1207 4.
732 1128 770 1190 L.
793 1129 830 1190 F.
853 1129 1010 1211 Junge:
1045 1128 1251 1193 A’sKreis-

164 1235 329 1296 messung
350 1235 393 1276 m.
417 1214 642 1277 Commentar.
677 1214 885 1291 Halle1824.
910 1219 938 1276 8.
983 1215 1038 1276 De
1057 1214 1249 1278 Hauberi

163 1299 440 1382 interpretatione
462 1321 493 1362 u.
517 1319 550 1381 p.
578 1305 615 1362 16
639 1309 706 1362 not.
732 1322 758 1361 2.
810 1298 876 1361 Cfr.
905 1309 1104 1380 praeterea:
1128 1300 1249 1363 Tetra-

163 1387 338 1467 gonismus
373 1386 393 1448 i.
428 1405 456 1448 e.
492 1385 606 1448 circuli
640 1386 849 1466 quadratura
874 1405 937 1465 per
966 1383 1247 1465 Campanum,

163 1470 469 1533 Archimedem
499 1479 601 1550 atque
624 1469 843 1535 Boethium
873 1470 1058 1532 adinventa
1089 1490 1116 1532 c.
1141 1471 1247 1534 addit.

164 1555 305 1618 Lucae
328 1553 514 1617 Gaurici.
567 1554 809 1634 Venet.1503.
841 1578 868 1632 4.
920 1555 975 1616 De
998 1555 1248 1636 interpretatio·
1286 1579 1290 1584 ·

165 1641 266 1703 nibus
288 1639 449 1702 Arabicis
472 1661 502 1702 u.
526 1639 692 1703 Wenrich
714 1641 735 1702 1.
758 1641 779 1702 1.
802 1660 834 1722 p.
863 1662 930 1717 191.
1023 1709 1025 1715 y

249 1765 303 1826 Ex
316 1784 359 1825 ar
368 1764 378 1825 i
387 1765 430 1825 th
438 1785 473 1825 m
482 1785 500 1825 e
508 1764 541 1824 ti
553 1765 612 1826 cis
624 1763 842 1826 Archimedis
854 1764 1014 1843 operibus
1025 1775 1163 1845 praeter
1173 1765 1248 1826 the·

164 1880 317 1934 oremata
333 1891 395 1952 per
412 1871 525 1932 omnia
547 1870 619 1934 fere
642 1872 769 1951 scripta
791 1871 863 1932 eius
886 1871 1040 1951 dispersa
1058 1871 1156 1951 (quae
1179 1872 1248 1934 col-

163 1979 234 2060 legi
258 1998 331 2059 cap.
351 1977 420 2056 IV)'
436 1999 539 2040 unum
561 1987 693 2039 tantum
715 1987 821 2039 restat
844 1979 888 2038 ad
910 1979 1086 2059 uulgarem
1109 1998 1249 2040 sensum

165 2087 471 2148 accommodatum:
496 2087 542 2168 φα
548 2107 596 2166 μμ
604 2087 696 2167 ἴτης,
719 2085 754 2145 in
776 2104 844 2165 quo
867 2086 1089 2157 demonstrat,
1113 2085 1247 2148 etiamsi

163 2203 271 2256 totum
293 2194 424 2255 caelum
441 2213 553 2260 arena¹
563 2191 725 2254 refertum
748 2189 906 2273 fingatur,
929 2201 1045 2254 tamen
1067 2212 1246 2255 numerum

164 2300 329 2362 nominari
355 2319 457 2381 posse
490 2319 630 2361 numero
660 2319 844 2380 granorum
873 2299 1045 2361 maiorem.
1095 2298 1167 2364 Sed
1188 2300 1245 2362 hic

164 2409 298 2471 libellus
320 2415 412 2468 totus
433 2405 522 2468 infra
545 2427 566 2467 a
588 2407 688 2468 nobis
711 2408 839 2469 edetur.

253 2556 277 2595 1.
323 2533 390 2598 Cfr.
414 2535 474 2598 Sil.
497 2535 578 2598 Ital.·
596 2534 702 2610 XIV,
726 2558 803 2615 350:
833 2556 902 2598 non
931 2536 1024 2598 illum
1046 2537 1162 2598 mundi
1184 2557 1246 2598 nu·

162 2638 314 2680 merasse
338 2621 474 2702 capacis
488 2632 623 2684 ¹arenae
651 2642 720 2684 una
746 2621 841 2684 fides,
890 2621 947 2682 De
968 2620 1138 2684 Martiano
1161 2621 1249 2702 Cap.

163 2703 258 2776 VHI,
284 2709 345 2780 858
368 2727 399 2768 u.
427 2706 525 2768 infra.

248 2787 326 2850 Non
348 2801 631 2853 commemoratur
664 2793 756 2871 apud
790 2790 956 2853 Casirium
988 2790 1008 2851 l.
1038 2810 1084 2862 c.;
1120 2809 1163 2850 ne
1198 2792 1244 2852 ab

163 2872 236 2934 aliis
259 2873 395 2953 quidem
418 2884 718 2938 commemoratum
741 2895 817 2937 esse
840 2875 987 2956 reperio,
1016 2874 1080 2936 nisi
1103 2876 1147 2935 ab
1169 2874 1246 2956 Hy-

116 2991 120 3000 ·
162 2957 261 3038 gino:
284 2958 338 3020 De
373 2959 465 3023 limit.
490 2971 595 3022 const.
629 2960 680 3022 in:
716 2958 888 3022 Schriften
916 2961 947 3021 d.
981 2979 1084 3021 roem.
1112 2959 1243 3022 Feldm.

163 3043 215 3104 ed.
239 3042 437 3106 Lachmann
453 3037 505 3108 ¹et
536 3043 695 3123 Rudorff.
723 3044 793 3124 Ip.
822 3049 896 3121 184,
931 3044 988 3125 qui
1020 3054 1137 3105 tamen
1169 3045 1245 3125 ipse

162 3127 288 3208 legisse
311 3148 380 3190 non
402 3130 552 3192 uidetur:
583 3129 831 3202 Archimeden,
861 3129 971 3192 uirum
998 3128 1166 3210 praeclari
1192 3129 1244 3190 in·

161 3213 255 3292 genii
279 3222 313 3274 et
335 3215 538 3295 magnarum
560 3235 673 3276 rerum
702 3216 929 3287 inuentorem,
960 3213 1108 3275 ferunt
1138 3213 1244 3274 scrib-

161 3297 254 3370 sisse,
278 3307 442 3377 quantum
465 3319 645 3362 arenarum
668 3319 792 3380 capere
813 3307 932 3380 posset
955 3299 1116 3372 mundus,
1140 3299 1168 3359 si
1189 3318 1244 3360 re-

164 3383 322 3462 pleretur.
915 3399 917 3402 ⁴

249 3534 276 3574 2.
321 3512 375 3574 De
399 3513 547 3575 editione
570 3511 760 3575 Wallisii
783 3510 1059 3593 (zOperumIII
1081 3531 1113 3591 p.
1135 3531 1237 3588 509-

162 3598 213 3678 38)
249 3617 277 3658 u.
315 3617 418 3678 supra
451 3607 519 3660 not.
555 3619 582 3660 2.
639 3597 866 3659 Paschasii
899 3596 1102 3657 Hamellii
1142 3593 1242 3656 Com·

161 3682 345 3743 mentarius
378 3683 412 3744 in
444 3682 662 3744 Archimedis
694 3682 817 3743 librum
850 3683 893 3743 de
926 3699 1067 3743 numero
1105 3698 1241 3742 arenae.

160 3765 271 3828 Lutet.
310 3788 399 3847 1557.
435 3772 453 3828 8
488 3768 587 3846 (inest
616 3767 850 3847 interpretatio
884 3765 1025 3844 Latina).
1080 3763 1241 3827 Sturm:

161 3849 223 3912 A's
258 3851 531 3933 Sandrechnung
563 3853 673 3914 iibers
728 3850 913 3931 Niimberg
956 3854 1045 3929 1667.
1086 3848 1141 3911 fol.
1198 3847 1240 3912 G.

161 3935 403 3998 Anderson:
428 3936 615 3999 Arenarius
637 3957 688 4018 gr.
713 3947 746 3997 et
769 3936 859 4016 angi.
883 3936 997 3998 transl.
1026 3934 1109 3995 with
1132 3942 1241 3996 notes

160 4021 304 4084 London
330 4026 419 4100 1748.
444 4027 472 4084 8.
523 4022 714 4102 Kriiger:
738 4019 926 4083 Arenarius
948 4021 1058 4082 iibers.
1089 4038 1120 4080 u.
1152 4018 1237 4081 erkl.

161 4103 367 4186 Quedlinbg.
417 4110 506 4169 1820.
530 4112 559 4169 8.
