2714 4570
644 265 703 321 119

476 567 478 611 λ

475 642 478 754 λ

95 744 134 803 ἐκ
167 747 220 803 τοῦ
260 742 378 824 κέντρου
415 741 461 824 ἴση
489 743 523 802 ἐκ
555 745 604 801 τοῦ
643 741 760 822 κέντρου
800 728 908 862 ἴσηηέκ
948 741 997 798 τοῦ
1037 737 1153 816 κέντρου
1187 735 1232 818 ἴση

96 851 161 910 ἐστὶ
207 857 242 932 τῇ
285 850 385 932 εὐθείᾳ
429 855 464 932 τῇ
489 850 549 910 ἐστὶ
589 853 625 931 τῇ
671 849 771 930 εὐθείᾳ
812 847 936 934 τῇᾳέστλ
974 857 1009 928 τῇ
1053 844 1152 927 εὐθείᾳ
1197 855 1233 925 ry]

96 959 155 1016 ἀπύ
224 961 274 1037 τῆς
337 961 465 1038 κορυφῆς
489 958 544 1016 ἀπὸ
608 961 659 1037 τῆς
721 961 849 1037 κορυφῆς
874 955 929 1014 ἀπύ
994 957 1058 1034 τῆς·
1106 957 1236 1033 κορυφῆς

100 1065 151 1122 τοῦ
203 1065 350 1146 τμήματος
396 1064 462 1142 ἀγο-
489 1067 539 1122 τοῦ
573 1065 719 1144 τμήματος
746 1062 847 1144 ἀγομέ·
876 1065 925 1121 τοῦ
955 1063 1101 1143 τμήματος
1131 1062 1234 1141 ἀγομέ-

96 1173 170 1254 μένη
210 1171 254 1230 ἐπὶ
297 1172 346 1252 τὴν
389 1193 462 1252 περι·
489 1193 521 1253 νη
559 1171 603 1230 ἐπὶ
648 1171 697 1252 τὴν
735 1171 848 1251 περιφέ·
875 1191 907 1251 νη
949 1169 992 1228 ἐπὶ
1031 1169 1081 1250 την
1122 1167 1234 1249 περιμέ-

102 1279 221 1360 ᾳέρειαν
261 1279 310 1336 τοῦ
349 1276 460 1348 κύκλου,
474 1285 568 1380 Ιρειαν
631 1280 681 1336 τοῦ
736 1276 846 1346 κύκλου,
872 1299 953 1358 ρειαν
1010 1279 1060 1335 τοῦ
1122 1273 1233 1344 κύκλου,

103 1388 133 1451 θς
176 1383 238 1445 ἔστι
281 1385 370 1461 βάσις
411 1384 461 1440 τοῦ
488 1385 521 1449 θς
563 1384 624 1444 ἐστι
667 1385 755 1461 βάσις
798 1387 847 1443 τοῦ
874 1386 907 1450 ὃς
949 1384 1009 1443 ἐστὶ
1052 1383 1142 1460 βάσις
1183 1384 1233 1440 τοῦ

106 1495 257 1573 τμηματσς·
309 1491 382 1570 πρὸς
428 1488 461 1548 δὲ
489 1492 643 1572 τμήματος
695 1492 767 1573 πρὸς
814 1492 848 1551 δὲ
874 1493 1027 1573 τμήματος
1072 1491 1144 1570 πρὸς
1200 1489 1233 1548 δὲ

103 1599 222 1673 τούτοις,
281 1598 322 1657 ύτι
370 1597 463 1678 πάσης
488 1597 611 1671 τούτοις,
663 1599 706 1657 ὅτι
756 1599 850 1680 πόσης
874 1598 991 1668 τούτοις,
1052 1599 1094 1656 ὅτι
1143 1596 1236 1677 πάσης

100 1709 231 1786 σφαιρας
247 1703 393 1784 κύλινδρος
412 1703 461 1784 τὴν
488 1709 615 1785 σφαῴας
644 1707 660 1764 ό
704 1704 850 1787 κύλινδρος
874 1708 1000 1786 σφαζοας
1036 1707 1052 1764 ὐ
1091 1703 1236 1784 κύλινδρος

103 1815 189 1889 βάσιν
235 1809 355 1895 ἔχοντος
402 1808 461 1891 ἴσην
488 1813 609 1889 ὁβάσιν
628 1811 682 1892 μὲν
701 1810 779 1896 ἔχων
798 1813 847 1894 τὴν
873 1814 992 1890 ύβάσιν
1012 1812 1066 1893 μὲν
1088 1809 1166 1894 ἔχων
1184 1811 1232 1890 τὴν

105 1924 147 2001 τῷ
187 1921 316 2002 μεγιστῳ
360 1916 462 1978 κύκλου
487 1919 573 2000 αὐτὴν
591 1924 633 2000 τῷ
641 1925 770 2000 μεγίστῳ
783 1918 847 1978 κύκ-
873 1920 959 2001 αὐτὴν
978 1924 1020 2000 τῷ
1028 1921 1157 2000 μεγίστῳ
1170 1916 1252 1976 κύκ-“

101 2031 158 2086 τῶν
199 2026 228 2086 ἐν
270 2019 305 2107 τη
341 2027 461 2106 σφαιρᾳ,
488 2030 528 2108 λῳ
551 2031 607 2087 τῶν
624 2027 654 2086 ἐν
675 2032 710 2109 τῇ
727 2029 846 2109 σφαίρᾳ·
873 2031 913 2109 λῳ
937 2032 993 2087 τῶν
1015 2027 1045 2086 ἐν
1063 2031 1097 2108 τῇ
1112 2027 1232 2108 σφαιρᾳ·
1267 2074 1270 2081 .

103 2135 177 2215 ὕψος
199 2133 232 2192 δὲ
261 2131 338 2192 ἴσσον
368 2132 462 2213 διαμέ·
489 2135 562 2215 ὕψος
588 2135 623 2194 δὲ
651 2133 710 2193 ἴσον
732 2143 767 2216 τῇ
790 2135 848 2192 δια·
875 2135 948 2215 θύος
969 2135 1003 2194 δὲ
1029 2133 1089 2194 ὐτον
1117 2141 1152 2215 τῇ
1176 2134 1232 2192 δια-

102 2265 181 2324 regns
220 2245 272 2320 τῆς
326 2242 462 2320 walme-
487 2242 586 2322 νέαν
632 2247 683 2322 τῆς
722 2244 850 2320 σοαύας
872 2243 971 2324 νέαν
1016 2247 1067 2322 τῆς
1108 2242 1236 2320 σναύας

104 2350 169 2408 τότε
191 2349 315 2429 ἡμίολιόν
338 2347 398 2407 ἐστι
413 2353 465 2428 τῆς
490 2349 629 2414 αὐτός-τε
646 2349 769 2432 ημιόλιος
789 2346 849 2406 ἐστὶ
875 2350 962 2414 αὐτός
982 2371 1014 2408 τε
1036 2349 1159 2429 ἡμιόλιος
1173 2346 1234 2406 ἐστὶ

103 2458 230 2536 σᾳαιρας
250 2457 297 2514 καὶ
326 2455 343 2536 η
365 2454 463 2535 ἐπιφά-
491 2462 541 2538 τῆς
558 2461 683 2538 σφαίρας
693 2456 740 2514 καὶ
759 2455 776 2536 η
795 2454 849 2514 ἐπι·
875 2461 927 2536 τῆς
937 2459 1063 2536 σφαίρας
1078 2455 1125 2514 καλ
1143 2456 1159 2534 ἡ
1177 2453 1233 2526 ἐπι-

103 2585 161 2622 νεια
197 2561 285 2621 αὐτοῦ
327 2567 378 2642 τῆς
409 2563 463 2622 ἐπι·
490 2565 594 2643 φάνεια
617 2563 704 2621 αὐτοῦ
727 2567 779 2642 τῆς
792 2561 848 2621 ἐπι·
875 2565 979 2644 ράνεια
1002 2563 1089 2622 αὐτοῦ
1108 2565 1159 2642 τῆς
1179 2559 1233 2619 ε’πι-

103 2671 222 2748 φανείας
248 2673 299 2750 τῆς
329 2671 461 2750 σφαίρας.
490 2673 612 2749 φανείας
637 2674 687 2750 τῆς
713 2673 847 2750 σφαιρας·
875 2673 997 2751 φανείας
1031 2674 1082 2750 τῆς
1109 2669 1236 2748 σφαᾴιας

103 2780 191 2837 ταῦτα
215 2776 249 2836 δὲ
275 2777 311 2835 τὰ
334 2777 462 2857 συμπτώ-
490 2780 578 2836 ταῦτα
588 2825 846 2839 .........
875 2780 994 2860 ἡμιολία·
1018 2780 1108 2836 ταῦτα
1121 2775 1174 2855 μὲν
1191 2795 1232 2833 τε·

100 2907 178 2964 ματα
188 2881 462 2970 αὐτῆφύσειπραυπ-
490 2935 496 2946 .
522 2933 529 2946 .
554 2934 560 2946 .
583 2894 616 2966 τῇ
640 2905 724 2962 φύσει
746 2907 847 2963 προυπ-
875 2884 1046 2966 θεωρημένα
1082 2887 1117 2965 τῇ
1149 2881 1233 2963 φύσει

103 2997 190 3075 ἦρχεν
219 2993 282 3070 περὶ
315 2991 351 3049 τὰ
390 2993 461 3072 εἷρη-
490 2997 577 3075 ἦρχεν
613 2993 676 3072 περὶ
705 2993 741 3050 τὰ
776 2993 847 3072 ελρη-
875 2997 1054 3075 προυπῆρχεν
1070 2992 1133 3071 περὶ
1150 2990 1186 3049 τὰ
1197 2992 1232 3048 εἰ·

99 3100 172 3178 μένα
192 3099 337 3182 σγηματα·
355 3099 461 3179 η’γνυει-
485 3099 560 3180 μένα
583 3100 719 3182 σχήματα
739 3147 746 3162 .
770 3121 847 3178 γνυει
872 3099 982 3181 ρημένα
1014 3099 1149 3182 σχήματα
1156 3141 1165 3168 ,
1200 3096 1233 3155 οὐ

102 3228 153 3265 στσ
177 3206 211 3265 δὲ
231 3253 846 3270 ....................
860 3207 968 3287 μέντοι
982 3205 1097 3284 γέγονεν
1111 3205 1163 3263 ὐπύ
1177 3206 1233 3262 τῶν

102 3313 155 3392 πρύ
185 3314 265 3393 ἡμῶν
298 3313 361 3392 περὶ
389 3334 460 3392 γεω·
488 3313 542 3394 πρύ
577 3317 656 3394 ημῶν
685 3315 748 3394 περλ
776 3336 847 3394 γεω·
860 3252 862 3361 λ
875 3315 929 3395 πρύ
959 3315 1037 3395 ἡμῶν
1067 3313 1129 3391 περὶ
1158 3332 1233 3391 γεω·

99 3421 217 3500 μετρίαν
240 3419 291 3477 ἁνε
326 3467 459 3481 .....
486 3423 605 3501 μετρίαν
628 3422 678 3480 ανε
713 3470 846 3483 ,,,,,
860 3370 862 3474 λ
873 3422 992 3501 μετρίαν
1015 3417 1232 3500 ἀνεσκεμμένων

102 3526 253 3608 ε’νοηκότος
280 3527 322 3585 ύτι
354 3525 461 3585 τούτων
489 3528 655 3608 νενοηκότος
680 3528 722 3586 ότι
740 3526 1035 3640 τούτωνηνενοηκότα,
1071 3527 1139 3585 όταν
1172 3523 1232 3584 τού-

105 3788 300 3802 .......
315 3741 496 3822 όκνὴσαιμιλ.
522 3791 527 3803 .
554 3791 559 3803 .
585 3791 591 3803 .
617 3791 623 3804 .
644 3759 655 3803 ’.
681 3790 687 3803 .
713 3791 719 3804 .
744 3791 750 3804 .
776 3791 783 3804 .
808 3791 814 3804 ,
839 3791 845 3803 .
874 3747 935 3806 ταῖς
963 3740 1140 3810 ἀποδείξεσιν
1163 3740 1233 3798 ἀντι-

102 3637 158 3692 τῶν
192 3633 348 3716 σχημάτων
385 3631 461 3692 ἐστιν
489 3637 545 3693 τῶν
568 3638 723 3716 σγηματῶν
745 3685 750 3696 .
776 3684 782 3696 .
808 3684 814 3696 .
839 3656 931 3696 ,των
973 3637 1029 3693 τῶν
1075 3633 1232 3715 σχημάτων

104 3847 339 3928 ἀντιπαραβαλεῖν
389 3847 461 3907 αὐτὰ
489 3847 718 3929 ἀντιπαραβαλεῖ
774 3848 846 3908 αὐτὰ
859 3811 861 3907 λ
874 3849 1037 3928 παραβάλει
1080 3846 1153 3906 αὐτὰ
1197 3847 1232 3904 τιλ

12 3947 16 4036 ᾗ
107 4002 236 4016 .....
259 3955 292 4013 τύ
315 3954 476 4038 τεθεωρηχ
490 4003 654 4018 ......
683 3977 715 4014 τε
738 3955 841 4037 θεωρη
859 3948 1078 4039 [τεθεωρημένα
1107 3957 1161 4013 καί
1178 3975 1232 4035 περ

13 4054 18 4128 Ι
103 4083 172 4140 μενα
194 4063 241 4120 καὶ
263 4062 335 4143 πρὸς
352 4056 476 4179 mast-²
487 4061 561 4142 μένα
583 4063 630 4121 καλ
652 4064 724 4140 πρύς
737 4063 773 4120 τὰ
784 4062 846 4132 δόξ-
859 4049 861 4174 ξ
876 4062 912 4120 τὰ
935 4062 997 4130 δόξ-
