2750 4594
680 312 721 368 40

160 493 308 575 διέξιμεν);
337 495 398 556 sed
419 494 502 555 nihil
525 505 592 568 est,
616 513 676 556 cur
696 503 868 573 putemuS,
900 513 977 555 eum
1007 494 1146 574 specula
1168 494 1245 555 eins·

161 619 453 663 commemorasse.
499 600 624 663 Contra
645 601 712 662 Dio
735 599 871 676 Cassius
894 620 1010 662 eorum
1032 601 1244 662 mentionem

160 700 305 781 fecerat,
335 717 424 770 teste
454 709 586 770 Zonara
618 707 717 780 XIV,
748 729 783 784 3:
819 707 967 786 κάτοπτρα
995 709 1052 786 γὰρ
1083 703 1185 787 ᾄδεται
1214 707 1243 785 (ό

161 815 298 896 Πρόκλος)
318 816 478 896 χαλκεῦσαι
500 815 651 895 πυροφόρα
679 815 725 872 καὶ
748 813 781 872 ἐκ
809 815 859 872 τού
881 816 995 897 τείχους
1014 815 1105 873 ταῦτα
1133 814 1245 874 ἀπαιω-

158 927 256 1003 ρήσαι,
280 923 328 980 καὶ
423 919 533 986 τούτοις
554 923 609 980 τῶν
632 922 753 1002 ήλιακῶν
783 921 901 980 ἀκτίνων
930 922 1157 1001 προσβαλουσῶν
1187 923 1244 1001 πῦρ

160 1029 272 1088 ἐκεῐδεν
312 1027 557 1108 έκκεραυνοῦσίλαι
590 1027 770 1107 καταφλέγον
804 1028 851 1086 τόν
881 1027 972 1108 νηιτήν
1010 1031 1067 1086 τῶν
1106 1027 1242 1086 ἐναντίων

161 1118 285 1216 στρατόν
296 1137 343 1196 καλ
355 1136 407 1200 τὰς
417 1139 487 1216 νήας
500 1133 599 1215 αὐτάς,
613 1133 631 1194 δ
647 1134 749 1194 πάλαι
761 1135 817 1194 τὸν
831 1134 1040 1218 Ἀρχιμήδην
1060 1133 1246 1214 ἐπινοῆσαι

161 1244 178 1301 ό
206 1216 294 1301 Δίων
322 1243 501 1324 ἱστόρησε,
532 1247 587 1302 τῶν
606 1242 763 1322 (Ρωμαίων
797 1242 865 1301 τότε
896 1240 1118 1321 πολιορκούντων
1147 1237 1245 1322 Συρα-

161 1347 276 1427 κούσαν.
321 1350 503 1413 Proximus
516 1361 568 1412 est
578 1349 792 1424 Anthemius,
816 1350 1019 1412 architectus
1038 1349 1247 1412 clarissimus

162 1457 288 1520 saeculi
311 1459 417 1540 sexti.
445 1458 480 1521 Is
502 1459 592 1520 enim
615 1459 649 1519 in
671 1459 757 1520 libro
780 1477 841 1520 suo
864 1458 927 1536 περὶ
949 1458 1121 1537 παραδόξων
1149 1479 1244 1538 μηχα-

162 1566 293 1646 νημάτων
327 1565 431 1645 (cuius
459 1566 552 1628 edita
580 1576 659 1627 sunt
689 1565 884 1646 fragmenta
917 1566 951 1626 in
984 1562 1246 1626 Westermanni

161 1668 396 1754 Paradoxogr.
414 1693 447 1754 p.
465 1677 608 1750 149-58
627 1684 662 1734 et
673 1673 707 1734 in
719 1672 919 1737 Schneideri
931 1672 1048 1752 Eclog.
1062 1672 1122 1751 Ip.
1136 1691 1245 1747 402—

114 1789 116 1796 '
164 1783 236 1856 406)
261 1799 334 1860 cap.
351 1781 385 1841 II
407 1782 634 1854 demonstrat,
664 1779 737 1842 fieri
765 1801 834 1842 non
863 1781 1030 1861 potuisse,
1060 1788 1098 1840 ut
1120 1777 1246 1839 Archi-

163 1888 280 1948 medes
302 1908 370 1950 uno
394 1889 531 1969 speculo
554 1888 750 1968 parabolico
772 1898 924 1950 uteretur
940 1887 982 1968 (p.
1000 1907 1035 1963 15
1039 1887 1086 1966 3);
1109 1885 1246 1958 deinde,

164 1993 260 2075 ἐπειδὴ
283 1995 332 2075 τήν
354 1995 543 2078 Ἀρχιμήδους
573 1995 658 2064 δόξαν
681 1995 735 2077 οὐχ
764 1995 821 2054 οἶόν
851 1995 887 2054 τέ
906 1994 966 2054 ἐστι
988 1993 1118 2052 καθελεῖν
1142 1992 1244 2050 ἅπασιν

164 2102 313 2181 ὁμολόγως
333 2101 541 2183 ι’στορηδέντος,
564 2101 607 2166 ὡς
630 2101 682 2166 τὰς
703 2103 771 2166 ναῦς
784 2105 840 2161 τῶν
862 2103 1000 2181 πολεμίιυν
1024 2100 1071 2160 διδι
1093 2103 1149 2158 τῶν
1171 2100 1245 2180 ήλια-

164 2211 221 2266 κῶν
252 2205 373 2268 ἔκαυσεν
403 2209 536 2279 ἀκτίνων,
573 2209 647 2290 ipse
679 2207 904 2290 excogitauit,
928 2229 996 2288 qua
1012 2207 1154 2269 ·rati0ne
1182 2225 1248 2286 per

164 2316 267 2396 plana
303 2315 442 2397 specula
468 2316 591 2397 uiginti
625 2327 784 2396 quattuor
810 2335 951 2379 numero
987 2315 1069 2376 satis
1099 2333 1245 2394 magnus

166 2423 267 2484 ardor
289 2423 402 2502 parari
424 2433 541 2503 posset
571 2429 612 2504 (p.
641 2445 698 2502 155
723 2426 799 2504 sq.),
831 2434 866 2486 et
888 2423 1094 2503 suspicatur,
1122 2419 1248 2482 Archi-

165 2531 300 2591 medem
330 2531 395 2592 hac
429 2532 503 2612 ipsa
528 2532 660 2594 ratione
696 2551 795 2594 usum
828 2551 904 2592 esse
934 2530 976 2611 (p.
1011 2535 1084 2607 156:
1113 2530 1159 2586 καὶ
1188 2527 1249 2606 γὰρ

167 2639 195 2695 οἱ
221 2639 393 2718 μεμνημένοι
422 2641 484 2720 περὶ
514 2643 570 2698 τῶν
605 2639 657 2698 ὑπὸ
681 2638 868 2722 Ἀρχιμήδους
895 2638 944 2698 τοῦ
977 2636 1126 2696 θειοτάτου
1160 2655 1249 2694 κατα-

167 2745 386 2804 σκευασθέντων
414 2744 562 2825 ἐσόπτρων
592 2745 625 2804 οὐ
657 2745 691 2804 δι’
721 2745 784 2809 ένδς
812 2745 1020 2826 ἐμνημόνευσαν
1050 2743 1147 2822 πυρίου
1175 2740 1248 2800 ἀλλὰ

167 2851 214 2910 διὰ
245 2853 387 2912 πλειόνων·
418 2854 465 2912 καὶ
494 2852 569 2932 οἶμαι
593 2852 632 2933 μή
661 2852 730 2912 εἶναι
752 2853 855 2932 τρόπον
892 2852 952 2911 τινὰ
981 2849 1081 2928 ἕτερον
1112 2852 1163 2928 τῆς
1190 2847 1248 2906 ἀπὺ

167 2956 267 3016 τούτου
289 2960 339 3018 τοῦ
362 2960 557 3040 διαστήματος
575 2956 760 3040 ἐκκαύσεως),
805 2959 940 3021 Deinde
967 2958 1060 3043 apud
1082 2954 1252 3018 recentio-

167 3084 222 3126 res
252 3075 411 3128 constans
441 3066 508 3128 iam
538 3065 630 3128 fama
657 3077 723 3130 est:
754 3068 901 3129 Zonaras
929 3065 998 3138 IX,
1030 3087 1063 3142 4:
1092 3064 1138 3120 καὶ
1168 3061 1253 3126 τέλος

168 3171 278 3250 σύμπαν
301 3173 335 3230 τύ
357 3175 483 3232 ναυτικὸν
506 3176 562 3231 τῶν
581 3171 735 3254 Ῥωμαίων
757 3174 931 3252 παραδόξως
951 3171 1121 3251 κατέπρησε.
1145 3168 1251 3226 κάτοπ·

119 3303 130 3310 ·
167 3300 233 3358 τρυν
262 3278 320 3359 γάρ
343 3303 368 3340 τι
390 3281 462 3360 πρδς
489 3281 537 3340 τδν
566 3278 641 3360 ήλιον
664 3281 812 3346 ἀνατείνας
839 3281 889 3361 τήν
919 3301 951 3338 τε
973 3279 1072 3338 ἀκτῖνα
1102 3275 1189 3334 αὐτοῦ
1217 3272 1254 3338 ἐς

169 3385 239 3446 αύτδ
270 3386 436 3456 εἰσεδέξατο
464 3387 511 3446 καλ
539 3388 586 3448 τὸν
616 3387 691 3467 ἀέρα
721 3388 767 3446 ἀπ’
790 3386 879 3468 αὐτῆς
905 3395 941 3468 τῇ
969 3386 1115 3464 πυκνότητι
1144 3383 1191 3440 καὶ
1213 3385 1252 3462 τῇ

169 3496 287 3574 λείοτητι
309 3495 360 3552 τοῦ
382 3494 543 3574 κατόπτρου
565 3494 702 3575 πυρώσας
722 3495 815 3574 φλόγα
838 3517 870 3554 τε
889 3495 1015 3575 μεγάλην
1038 3491 1177 3568 ἐξέκαυσε
1200 3489 1251 3546 καὶ

168 3605 262 3660 πᾶσαν
293 3600 379 3682 αὐτήν
410 3600 442 3666 ἐς
470 3601 523 3666 τὰς
550 3603 618 3667 ναῦς
646 3601 698 3661 ύπδ
728 3603 776 3682 τήν
805 3604 856 3660 τοῦ
886 3601 974 3681 πυρὸς
1005 3600 1072 3659 όδδν
1102 3594 1254 3678 ὁρμούσας

169 3706 290 3784 ἐνέβαλε
311 3709 358 3767 καλ
380 3707 476 3774 πόσας
501 3708 686 3769 κατέκαυσεν.
735 3708 931 3770 Eustathius
959 3710 1003 3770 ad
1030 3707 1125 3770 Iliad.
1154 3705 1198 3777 V,
1227 3727 1251 3780 4

170 3815 268 3896 (Hp.
293 3838 310 3893 3
342 3816 395 3878 ed.
419 3814 635 3890 Stallbaumi:
670 3815 736 3876 καθ’
760 3815 792 3897 ἣν
826 3816 860 3895 δή
894 3814 998 3897 ταύτην
1032 3815 1092 3895 (τήν
1127 3811 1248 3892 αὐτὴνλ)

167 3923 295 4003 μέθοδον
317 3923 357 3983 Ἀ.
377 3923 431 4003 μὲν
453 3923 470 3980 ό
493 3923 664 4000 σοφώτατος
689 3923 842 4004 πολεμικὰς
866 3922 1013 4002 ἐνεπύρισε
1044 3925 1114 4002 νήας
1139 3919 1181 3985 ὥς
1200 3918 1249 3976 οἷά

170 4053 212 4095 τις
230 4031 449 4112 κεραυνοβόλος.
492 4023 642 4093 ¹Tzetzes
675 4032 822 4112 denique
850 4031 933 4094 Chil.
956 4031 999 4104 II,
1027 4030 1171 4092 118—28
1195 4046 1250 4090 ra·

170 4137 297 4200 tionem
319 4137 496 4199 Anthemii
523 4135 635 4216 (quam
668 4158 711 4200 ne
733 4138 902 4202 intellexit
931 4139 1086 4218 quidem;
1115 4159 1147 4200 u.
1177 4138 1250 4200 Du-
