2714 4570
628 269 636 312 1
646 269 683 328 (33

118 453 160 521 ’ῶς
185 454 314 516 ἐλάσσων
344 455 468 516 ἐσσείται
489 454 505 514 ὁ
529 459 578 516 τοῦ
600 456 717 538 ψάμμου
740 456 862 537 α’ριθμδς
883 458 931 516 τοῦ
954 454 1103 536 γενομένου
1126 457 1187 516 αυλ·

118 564 375 624 λαπλασιασθεισᾶν
398 568 558 646 τᾶνγχιλιάν
578 563 722 644 μυριάδων
746 568 802 622 τῶν
825 565 965 646 δευτξοιυν
983 565 1110 646 ἀριθμῶν
1130 570 1190 630 ταῖς
1205 595 1215 642 Ι·

115 670 147 751 ρ’
166 671 359 751 μυριάδεσσιν.
388 671 446 732 ἐπεὶ
464 668 500 734 ,δ’
525 672 554 732 αί
572 671 624 752 μὲν
647 673 709 730 τῶν
725 671 866 752 δευτέρων
888 671 1016 752 δριθμῶν
1035 673 1121 754 γιλίαι
1139 693 1188 750 μυ-

115 778 218 858 ριάδες
246 777 448 843 ἑκκαιδέκατύς
468 777 541 838 ἐστιν
563 777 685 859 ἀριθμὸς
705 777 760 838 ἀπὸ
780 778 908 858 μονάδος
927 779 1075 857 ἀνάλογον,
1106 779 1136 836 αἱ
1155 776 1189 838 δὲ

116 881 144 966 ρ’
172 883 310 965 μυριάδες
338 881 466 964 ἕβδομος
493 882 547 942 dm)
574 881 700 962 μονάδος
721 880 750 943 ἐν
774 887 810 964 τᾷ
830 882 904 964 αὐτᾷ
926 883 1188 967 ἀναλογίᾳγδῆλον,

120 993 162 1060 ῶς
189 993 208 1052 ά
234 994 384 1071 γενόμενος
409 992 532 1056 ἐσσεῖται
559 993 787 1057 δυακαιεικαστδς
812 996 867 1052 τῶν
890 992 923 1052 ἐκ
945 999 997 1058 τᾶς
1017 992 1106 1060 αὐτάς
1125 992 1189 1052 ἀνσ-

119 1105 215 1182 λογίοις
240 1102 295 1162 άπὸ
315 1101 447 1182 μονάδος.
481 1104 534 1162 τῶν
558 1099 590 1160 δὲ
613 1098 663 1159 δύο
686 1101 732 1160 καὶ
754 1099 841 1161 εἴκοσι
864 1098 969 1160 τούτων
993 1098 1069 1162 δκτῶ
1089 1099 1141 1180 μὲν
1164 1101 1191 1158 σι’
1233 1108 1261 1174 5.

118 1209 225 1291 πρῶται
247 1211 297 1270 σὺν
320 1219 355 1291 τᾷ
374 1211 477 1290 μονάδι
499 1213 554 1270 τῶν
575 1208 696 1289 αριύτων
718 1209 895 1290 καλουμένων
918 1209 982 1283 ἐντί,
1011 1208 1087 1270 δκτὼ
1109 1208 1143 1268 δὲ
1165 1209 1192 1266 οἱ

116 1317 191 1398 μετὰ
214 1315 329 1383 τούτους
349 1321 405 1378 τῶν
427 1316 568 1399 δευτέρων
582 1313 777 1396 Ικαλουμένων,
800 1313 828 1371 αι’
847 1313 880 1374 δὲ
902 1315 988 1374 λοιποὶ
1011 1311 1044 1384 ἓξ
1065 1317 1119 1374 τῶν
1136 1338 1189 1395 τρι-

119 1444 176 1482 των
204 1423 393 1506 καλουμένων.
423 1425 470 1484 καὶ
498 1425 514 1481 ύ
543 1420 670 1507 ἔσχατος
688 1420 782 1494 αὐτῶν
805 1420 864 1490 ἐστι
886 1422 957 1482 δέκα
977 1422 1190 1502 μυριάδεςτῶν

118 1531 220 1610 τρίτων
242 1528 379 1611 ἀριθμῶν.
402 1530 525 1610 ψανερδν
547 1526 606 1599 οὖν,
630 1528 672 1587 ὅτι
695 1527 726 1586 τδ
750 1530 799 1586 τοῦ
821 1528 937 1610 ψάμμου
955 1529 1061 1610 πλῆθος
1076 1531 1126 1588 τοῦ
1141 1529 1190 1609 με’-
1274 1595 1282 1614 ⁴

118 1637 208 1717 γεθος
230 1635 349 1721 ἔχοντος
369 1636 427 1697 ἴσον
449 1643 486 1718 τᾷ
509 1638 619 1718 σφαιρᾳ
641 1640 677 1716 τᾷ
700 1635 750 1695 τδιν
781 1635 930 1717 διάμετρον
952 1634 1063 1719 ἐχούσᾳ
1081 1638 1190 1718 μυρίων

118 1743 264 1808 δακτύλων
294 1743 414 1807 ἔλασσόν
443 1746 517 1807 ἐστιν
548 1743 564 1825 ἢ
587 1745 605 1804 ί
624 1745 762 1827 μυριάδες
782 1747 837 1806 τῶν
860 1749 959 1825 τρίτων
981 1745 1117 1826 ἀριθμῶν.
1145 1747 1191 1806 καὶ

118 1853 177 1914 ἐπεὶ
207 1852 338 1914 ἐλάσσων
368 1854 442 1914 ἐστὶν
469 1854 488 1911 ἁ
517 1853 665 1914 σταδιαίαν
695 1849 805 1935 ἔχουσα
832 1852 880 1910 τδιν
910 1851 1059 1932 διάμετρον
1082 1859 1191 1934 σφαῖρα

118 1972 171 2034 τᾶς
190 1969 315 2048 σφαιρας
335 1973 387 2034 τᾶς
406 1965 534 2051 ἐχούσας
553 1967 603 2028 τὰν
626 1966 776 2047 διάμετρον
792 1966 898 2046 μυρίων
916 1962 1070 2035 δακτύλων,
1094 1966 1187 2047 δῆλον,

118 2073 160 2134 δτι
186 2075 233 2134 καὶ
262 2074 293 2134 τδ
323 2053 372 2134 τοῦ
401 2075 517 2156 ψάμμου
547 2074 654 2155 πλῆθος
681 2075 730 2132 τοῦ
760 2070 887 2153 μέγεθος
916 2067 1036 2156 ἔχοντος
1064 2072 1122 2134 ἴσον
1153 2082 1189 2156 τᾷ
1222 2129 1224 2134 ,

120 2184 228 2264 σφαιρᾳ
248 2188 292 2264 Ιτᾷ
322 2184 371 2243 τὰν
401 2183 551 2265 διάμετρον
580 2181 691 2266 ἐχούσρ
718 2182 865 2242 σταδιαίαν
894 2179 1015 2244 ἔλασσόν
1037 2182 1112 2244 ἐστιν
1135 2182 1150 2264 ἢ
1174 2187 1190 2242 ι’

119 2291 254 2370 μυριάδες
274 2295 329 2354 τῶν
351 2296 450 2374 τρίτων
472 2294 609 2376 άσιθμῶν.
637 2295 714 2354 πάλιν
737 2292 770 2352 δὲ
792 2294 811 2350 ά
833 2299 942 2374 σφαῖρα
964 2293 986 2352 ά
1005 2291 1116 2377 ἔχουσα
1138 2299 1187 2356 τὰν
1254 2355 1260 2368 ,

123 2396 270 2480 διάμετρον
294 2396 323 2481 ρ’
354 2402 478 2460 σταδίων
505 2401 714 2462 πολλαπλασίων
737 2397 796 2457 ἐστὶ
820 2404 872 2464 τᾶς
892 2401 1016 2481 σφαίρας
1036 2407 1088 2466 τᾶς
1108 2400 1188 2484 ἐχού·

120 2526 174 2570 σας
199 2507 249 2567 τάν
278 2508 429 2588 διάμετρον
451 2507 597 2566 σταδιαίαν
621 2511 681 2569 ταῖς
698 2503 728 2583 ρ’
748 2505 940 2585 μυριάδεσσιν.
964 2495 991 2566 ελ
1010 2506 1058 2568 σδν
1081 2509 1205 2587 γένοιτοι

119 2611 152 2672 ἐκ
184 2617 233 2672 τοῦ
269 2613 386 2693 ψάμμου
416 2620 524 2694 σφαῖρα
552 2611 703 2672 ταλικαύτα
731 2612 764 2672 τδ
791 2613 924 2692 μέγεθος,
955 2617 1037 2676 ἁλίκα
1067 2615 1140 2678 ἐστὶν
1169 2619 1189 2677 ἁ

119 2715 229 2800 ἔχουσα
259 2719 308 2777 τὰν
337 2701 486 2799 διάμετρον
510 2715 538 2798 ρ’
562 2718 695 2784 σταδίων,
726 2720 818 2798 δῆλον,
848 2720 889 2780 ύτι
911 2720 1041 2784 ἐλάσσων
1063 2723 1189 2785 ἐσσείται

125 2905 730 2914 —Q-ffl———ssffi-
750 2907 853 2913 --.—..
884 2907 1071 2916 .-.....,,,,.,,.,,,
1089 2909 1100 2918 ,.
1133 2911 1148 2917 -
1179 2913 1183 2918 ,

208 3024 233 3082 1.
258 3023 526 3092 πολλαπλασθεισᾶν,
555 3023 606 3082 sed
634 3043 718 3090 manu
750 3031 824 3102 post.
843 3031 923 3084 ὀοττ.
946 3027 979 3087 Β.
1025 3030 1052 3088 2.
1077 3033 1127 3088 τᾶν
1146 3053 1188 3112 χι-

121 3107 191 3185 λιᾶν]
221 3107 271 3166 τάν
297 3129 364 3191 γιαν
387 3109 462 3180 Bas„
494 3113 544 3166 τᾶν
568 3107 668 3192 χιλίων
690 3107 749 3166 BR.
796 3112 823 3168 3.
844 3103 885 3188 μ’]
915 3109 1016 3171 ἑκατὸν
1039 3113 1098 3186 BR.
1139 3137 1188 3192 μυ·

116 3191 244 3272 ριάδεσιν
267 3193 354 3251 ACD.
399 3189 484 3252 ἐπειδ
512 3193 589 3265 Bas,
619 3191 679 3252 ε’πελ
708 3191 742 3252 δὲ
771 3194 803 3256 C.
848 3197 877 3258 4.
900 3195 1037 3276 ἀνάλογον
1066 3200 1096 3256 αἱ
1115 3197 1188 3272 WT,

118 3277 262 3356 άναλσγίαι
285 3280 366 3336 codd.
391 3279 428 3350 R;
462 3276 470 3296 “
504 3279 671 3357 significans
693 3314 733 3324 -—
763 3301 794 3337 υν
816 3281 951 3354 legerunt
983 3305 1007 3354 ι;
1041 3274 1192 3361 ἀναλογίας

118 3363 184 3424 Bas.
230 3368 257 3430 5.
282 3362 353 3443 αὐτῇ
383 3364 487 3422 FACD
518 3364 586 3424 Bas.
631 3367 660 3426 8.
683 3362 752 3441 ἐντὲ]
780 3363 847 3424 ἐστί
865 3369 931 3429 Bas.
977 3371 1004 3428 9.
1025 3367 1102 3447 μετὰ
1129 3367 1189 3428 τού-

119 3470 184 3512 τους
204 3467 265 3523 ego,
291 3449 343 3509 cfr.
365 3451 382 3526 ξ
405 3454 439 3519 6;
465 3449 540 3528 μετὰ
563 3448 629 3513 τοὺς
649 3450 732 3509 codd.
757 3450 823 3508 Bas.
847 3451 887 3526 R;
913 3453 975 3531 μετ’
999 3451 1102 3518 αὐτούς
1117 3455 1188 3514 WT.

119 3534 174 3592 τῶν
208 3533 349 3610 suppleui=
390 3555 445 3593 om.
481 3555 587 3594 omnes.
640 3531 675 3604 ἓξ
707 3556 771 3594 oum
804 3535 875 3607 WT,
916 3534 950 3596 ἐκ
983 3545 1049 3597 cett.
1106 3543 1189 3619 τριῶν

119 3618 223 3676 FACl)
247 3617 313 3676 Bas.
371 3621 420 3678 11.
444 3617 544 3698 τρίτων
567 3639 655 3696 supra
677 3622 824 3698 scriptum¹
844 3623 906 3682 ead.
930 3643 1006 3686 man.
1032 3625 1064 3683 Β.
1106 3624 1189 3703 μεγέ-

120 3703 188 3767 θους
209 3702 312 3770 MOI)
338 3704 405 3766 Bas.
452 3708 499 3766 12.
522 3709 558 3784 τᾷ
589 3703 651 3782 τὰν]
681 3710 717 3786 τᾷ
745 3727 799 3764 om.
832 3706 896 3767 Bas.
918 3707 990 3766 WT.
1038 3711 1085 3770 13.
1109 3707 1189 3769 ἐλάσ-

119 3805 178 3846 σων
208 3787 356 3866 Β.ἶι-(οεά,
388 3809 461 3850 corr.
493 3791 579 3866 ipse).
625 3790 679 3848 τῶν
703 3791 851 3867 suppleui;
882 3794 935 3850 cfr.
959 3800 1056 3854 tamen
1078 3795 1127 3854 lin.
1152 3798 1189 3865 9;

118 3895 147 3949 p.
160 3875 230 3947 192,
254 3875 302 3934 10.
350 3877 397 3934 15.
411 3871 536 3957 ἐχούσης
550 3873 620 3934 Bas.
638 3900 640 3904 ·
668 3877 715 3935 16.
731 3872 875 3954 μεγέθεος
892 3878 958 3936 Bas⁴
1005 3881 1052 3938 17.
1066 3876 1190 3961 ἐγυύσαν

119 3957 155 4016 1).
202 3960 249 4018 18.
273 3955 306 4016 δὲ
329 3978 391 4033 ego,
426 3961 479 4020 cfr.
511 3960 527 4037 ψ
554 3962 591 4030 4;
622 3961 658 4030 7;
688 3965 725 4032 83
755 3958 789 4038 δὴ
820 3981 927 4020 omnes.
977 3963 994 4042 ἡ
1024 3969 1132 4044 σφαῖρα
1156 3966 1189 4022 B.

118 4039 271 4124 άὲχουσα]
284 4042 303 4100 ά
315 4065 360 4102 om
374 4044 408 4104 D.
454 4046 502 4105 19.
514 4042 557 4122 ρ’]
570 4043 672 4102 θκατδν
684 4045 774 4120 BR.§
794 4047 821 4104 4.
866 4049 914 4106 20.
925 4047 1089 4126 μυρὲάδεσιν
1101 4049 1188 4120 ΑΟΙ),

116 4127 283 4206 μυριάδεσσι
306 4128 364 4186 BR.
412 4131 459 4188 21.
483 4129 576 4205 άλύια]
600 4131 679 4194 άλίςα
702 4132 738 4192 Α.
783 4131 894 4202 a'WT,
919 4153 975 4196 om.
999 4141 1065 4192 cett.

991 4235 1021 4284 13
1113 4239 1119 4252 '
