2714 4570
631 295 689 352 113

116 496 230 538 rorum
251 485 443 538 nostrorum
471 487 505 537 et
534 477 578 538 de
600 475 839 538 emendatione
860 475 1011 537 locorum
1044 475 1192 558 sing-ulo-

115 604 191 646 rum
213 585 319 646 multa
345 586 446 645 docte
475 594 510 644 et
532 583 674 664 egregie
702 583 861 646 disseruit
882 603 1003 644 censor
1025 583 1104 644 edit.
1127 582 1192 644 To·

120 693 192 754 rell.
237 691 361 770 Jenaer
382 691 690 772 Literaturzeitung
716 711 795 771 1795
808 690 867 753 Nr.
884 710 1027 770 172-73
1040 710 1072 771 p.
1085 695 1192 752 610-

118 821 168 877 23.
225 798 392 860 Plurimas
425 799 637 860 coniecturas
671 807 706 860 et
737 798 810 861 fere
843 799 991 880 optimas
1017 798 1194 879 proposuit

117 905 289 968 Nizzius
315 906 350 966 in
380 906 658 986 interpretatione
688 927 751 968 sua
771 927 804 988 p.
830 911 987 984 2⁶3-91·

202 1011 267 1074 His
290 1013 446 1075 omnibus
468 1015 646 1095 perpensis
669 1015 761 1089 satiS,
778 1014 906 1094 opinor,
919 1021 1061 1086 constat,
1081 1029 1194 1073 emen·

116 1121 292 1182 dationem
319 1140 460 1201 operum
487 1119 705 1183 Archimedis
737 1121 811 1184 fere
839 1130 946 1184 totam
975 1121 1011 1182 in
1040 1119 1195 1181 codicum

116 1229 354 1290 collationibus
376 1227 578 1289 Torellianis
603 1229 751 1309 positam
780 1249 865 1291 esse.
917 1229 991 1290 Iam
1020 1227 1124 1309 igitur
1151 1229 1195 1290 de

117 1337 180 1398 illis
204 1335 379 1397 codicibus
400 1335 587 1397 uideamus.
737 1395 745 1406 ,

204 1441 348 1505 Codex
381 1441 654 1504 Florentinus
687 1442 752 1523 (F),
784 1443 1013 1505 bibliothecae
1047 1442 1197 1505 Lauren-

118 1551 234 1611 tianae
274 1549 452 1611 Mediceae
490 1550 573 1630 plut.
612 1549 776 1612 XXVIII
809 1560 865 1628 4to
904 1552 1195 1625 membranaceus

120 1657 257 1729 saeculi,
279 1664 317 1717 ut
337 1657 479 1730 uidetur,
502 1656 609 1731 XIII;
632 1665 765 1719 constat
786 1655 875 1719 foliis
890 1678 959 1738 177,
982 1659 1054 1719 sine
1078 1678 1197 1720 accen·

120 1765 212 1825 tibus
235 1764 390 1844 scriptus,
413 1762 532 1844 figuris
558 1767 775 1849 geometricis
805 1763 995 1833 instructus.
1040 1765 1199 1828 Continet

120 1871 338 1933 Archimedis
359 1871 463 1932 libros
485 1871 549 1933 hoc
571 1870 705 1933 ordine:
952 1868 955 1874 ’

212 1981 239 2058 1)
263 1979 306 2038 de
329 1978 477 2059 sphaera
498 1989 533 2039 et
555 1977 709 2058 cylindro
730 1978 838 2053 I—II,
869 1982 898 2060 2)
922 1981 966 2042 de
989 1980 1198 2043 dimensione

121 2085 247 2158 circuli,
277 2088 307 2166 3)
330 2085 374 2146 de
401 2085 614 2159 conoidibus‚
645 2087 676 2164 4)
704 2088 747 2147 de
774 2086 872 2148 lineis
902 2087 1082 2168 spiralibus
1111 2088 1199 2167 (cum
1224 2107 1232 2124 ·

122 2193 250 2254 scholio
273 2193 307 2255 in
329 2212 425 2274 prop.
453 2195 510 2273 19),
540 2209 571 2270 5¹
596 2193 639 2254 de
660 2193 772 2274 planis
800 2213 910 2274 aeque
932 2196 1199 2274 ponderantibus

120 2300 228 2373 Ι-ΙΙ,
260 2301 291 2381 6)
314 2300 520 2374 arenarium,
553 2303 582 2381 7)
610 2303 854 2381 quadraturam
880 2303 1080 2382 parabolae;
1102 2287 1201 2384 prae·

121 2416 218 2469 terea
241 2408 486 2468 commentaria
506 2407 639 2470 Eutocii
665 2409 700 2469 in
727 2409 772 2481 ι),
805 2410 849 2490 2),
881 2411 910 2490 5)
938 2418 974 2471 et
995 2409 1030 2470 in
1050 2409 1118 2472 fine
1141 2432 1200 2473 ex·
1281 2405 1285 2416 ’

121 2503 242 2594 ¹cerpta
263 2513 412 2576 Heronis
435 2516 478 2576 de
500 2515 675 2577 mensuris.
727 2515 767 2576 In
789 2514 857 2577 fine
880 2517 1044 2578 librorum
1067 2537 1202 2599 semper

123 2621 240 2682 titulus
262 2621 435 2702 repetitur.
468 2621 552 2683 Post
573 2622 695 2683 librum
718 2623 761 2684 de
784 2625 995 2704 quadratura
1016 2625 1201 2705 parabolae

123 2728 186 2790 hos
208 2728 315 2789 habet
335 2729 535 2791 uersiculos:

251 2858 402 2941 εὐτυχοίης
421 2859 484 2919 λέον
505 2859 659 2939 γεώμετμα

252 2965 371 3030 πολλοὺς
391 2968 432 3031 εἷς
451 2965 631 3043 λοκαβάντας
652 2965 702 3031 ἴοις
723 2969 910 3046 πολοςοίλτατε
929 2965 1052 3047 μούσαις

124 3105 158 3157 et
179 3095 215 3157 in
244 3094 313 3157 fine
346 3097 662 3158 commentariorum
694 3096 827 3175 Eutocii
861 3098 906 3158 ad
937 3097 1061 3159 librum
1093 3099 1127 3161 Π
1159 3103 1203 3162 de

128 3204 275 3282 sphaera
308 3214 342 3265 et
375 3193 529 3284 cylindro
559 3202 628 3282 (cfr.
657 3203 808 3266 Fabricii
837 3203 924 3266 Bibl.
948 3202 1006 3268 Gr.
1029 3206 1063 3267 H
1083 3215 1128 3287 p.'
1142 3213 1201 3285 562

126 3311 221 3390 not.):

253 3461 392 3521 Εὐτοκίοο
413 3465 524 3521 navarat
545 3463 683 3542 γλυκερὸς
702 3463 793 3536 πόνος,
817 3464 848 3523 ὅν
870 3464 931 3523 ποτ’
953 3464 1062 3534 ἐκεῖνος

254 3569 374 3649 γράψεν,
399 3573 458 3633 τοῖς
477 3569 632 3647 φθονεοοῖς
651 3569 766 3628 πολλάκι
784 3571 982 3651 μεμψάμενος.

212 3721 267 3783 De
291 3742 332 3784 eo
354 3742 385 3783 u.
417 3720 605 3782 Bandinius
635 3720 789 3802 Catalog.
817 3721 851 3782 Π
878 3741 912 3801 p.
945 3743 991 3799 14.
1047 3721 1143 3799 Idem
1173 3721 1207 3783 in

131 3829 277 3892 editione
306 3827 499 3890 Torelliana
528 3825 634 3909 praef.
666 3819 699 3909 p.
728 3828 763 3889 ΙΙ
789 3828 907 3901 tradit,
930 3827 965 3889 in
992 3830 1058 3890 hoc
1087 3829 1204 3893 codice

134 3936 329 4017 saepissime
353 3935 468 4016 plures
490 3955 592 3997 uoces
615 3935 779 4016 coniungi
800 3935 833 3995 in
856 3954 959 3996 unum
983 3945 1018 3997 et
1039 3937 1207 4017 permulta

21 4089 22 4098 r
131 4043 331 4125 compendia
367 4041 522 4116 inueniri,
560 4043 673 4105 uelut:
769 4073 808 4092 --·
845 4041 942 4112 ἐστίν,
981 4047 1018 4108 dl.
1057 4073 1096 4092 =
1125 4045 1205 4113 εἰσίν,

980 4149 997 4202 8
