2714 4570
708 257 765 333 184

127 489 151 530 1.
193 460 503 543 γιλιαγώνουπλεορᾶς·
547 463 584 520 ΙΙ.
613 419 724 520 Τούτων
736 459 770 520 δὲ
782 459 969 540 ὑποκειμένων
982 457 1120 520 δείκνόται
1131 460 1178 519 καλ
1188 458 1262 519 τάδε

195 569 237 630 ότι
259 572 277 628 ἁ
300 569 451 650 διάμετρος
471 570 520 627 τοῦ
543 568 650 650 κόσμου
672 570 724 632 ed<
744 565 896 648 διαμέτγκνυ
919 572 971 633 τὰς
990 571 1046 648 γᾶς
1069 566 1200 628 ἐλάσσων
1223 565 1261 625 έσ-

195 677 233 736 τλν
257 673 273 756 ἢ
293 658 509 758 μυριοπλασὰον,
532 675 579 734 καλ
600 674 642 734 ὅτι
663 677 681 732 ά
705 673 859 755 διάμετρος
879 677 929 734 τοῦ
946 675 1053 755 κόσμου
1072 674 1204 735 ἐλάσσων
1223 673 1264 733 ἐσ-

195 785 234 843 τὶν
256 779 281 864 ἢ
298 783 423 842 σταδίων
443 781 574 863 μυριάκις
591 781 728 862 μυριάδες
744 781 784 862 ρ’.
806 779 872 840 ’ἐπεὶ
894 782 950 864 γάρ
974 783 1117 844 ἁποκείται
1139 783 1192 842 τὰν
1213 781 1267 842 διά-

129 965 132 972 ,
193 911 298 972 μετρυν
327 892 377 949 τοῦ
399 891 476 949 ἁλίου
495 891 534 971 μὴ
555 889 671 971 μείζονα
694 889 770 971 εἶμεν
792 885 809 968 ἢ
832 892 1117 970 τριακοντοπλοσίυνα
1140 895 1194 957 τὰς
1214 891 1267 956 διαι

193 999 300 1079 μέτρου
323 1003 375 1064 τάς
395 996 522 1079 σελήνας,
546 998 595 1057 τάν
618 997 651 1057 δὲ
674 997 824 1078 διάμετρον
847 1003 900 1064 τᾶς
914 1003 969 1077 γᾶς
980 996 1104 1078 μείζονα
1125 996 1209 1078 εἰμεν
1222 1001 1270 1061 τᾶς

196 1104 347 1185 διαμέτρου
379 1108 431 1170 τᾶς
451 1104 578 1185 σελήνας,
601 1102 696 1183 δῆλον,
726 1100 805 1166 ὡςὰ
829 1101 981 1184 διάμετρος
1001 1106 1061 1162 τοῦ1
1080 1105 1161 1163 ἁλίου
1191 1104 1268 1166 ἐλάσ-

195 1233 255 1272 σων
284 1211 358 1290 ἐστίν
388 1209 403 1293 λ)
433 1213 710 1294 τριακονταπλασὰυν
733 1213 786 1276 τὰς
805 1211 957 1292 διαμέτρου
980 1215 1031 1279 τάς
1050 1217 1113 1290 γὰς.
1137 1213 1217 1274 πάλιν
1240 1213 1270 1273 δὲ
1343 1195 1344 1236 λ

196 1318 255 1380 ἐπεὶ
276 1318 395 1402 ἐδείγδγ
417 1323 444 1390 ἁγ
458 1321 610 1402 διάμετρος
631 1321 680 1378 τοῦ
701 1319 779 1380 ἁλίου
797 1315 909 1400 μείζων
929 1319 1016 1380 ἐοῦσα
1039 1325 1093 1386 τὰς
1112 1323 1162 1380 τοῦ
1185 1325 1268 1404 γιλια·

195 1425 288 1504 γώνου
315 1429 437 1506 πλευράς
466 1429 515 1488 τοῦ
544 1429 584 1492 εἰς
610 1427 657 1485 τδν
683 1425 817 1507 μέγιστον
843 1424 942 1487 κόκλον
973 1426 1194 1509 ἐγγραφομένου
1215 1433 1267 1488 τιον

195 1535 225 1595 ἐν
247 1539 290 1616 τῷ
310 1535 420 1616 κόσμῳ,
448 1536 580 1617 φανςυόν,
609 1533 649 1594 δτι
671 1535 690 1592 ἁ
712 1537 761 1594 τοῦ
781 1533 954 1617 γιλιυγόννου
973 1537 1144 1617 περιμετρος
1164 1541 1215 1596 τοῦ
1235 1540 1265 1596 εἰ·

193 1641 317 1726 ργμένυυ
343 1641 473 1704 ἐλάσσων
503 1643 577 1704 ἐστίν
603 1641 839 1726 λγιλωπλασίων
861 1647 914 1709 τὰς
933 1638 1086 1725 διαμέτρου
1109 1647 1161 1704 τοῦ
1183 1649 1262 1706 ἁλίου.

196 1753 214 1810 ἁ
237 1751 271 1812 δὲ
293 1749 447 1833 διάμετγκις
467 1754 516 1811 τοῦ
538 1753 615 1812 ἁλίου
637 1749 767 1812 ἐλάσσων
789 1750 864 1811 ἐστὶν
886 1750 902 1833 ἢ
925 1757 1206 1834 τριακονταπλασίιυν
1219 1759 1264 1820 τάς

195 1861 347 1944 διαμέτρου
374 1867 426 1928 τᾶς
452 1867 514 1941 γᾶς
542 1860 619 1922 ὥστε
641 1865 659 1920 ἁ
687 1863 855 1943 περίμετρος
875 1865 925 1922 τοῦ
944 1863 1116 1946 γιλιαγῶνου
1139 1861 1262 1924 ἐλάσαιο

145 2022 150 2034 .
195 1971 269 2032 ἐστὶν
292 1968 309 2051 ἢ
332 1975 600 2054 τρισμυριυπλασὰυν
623 1977 675 2040 τᾶς
694 1973 846 2054 διαμέτρου
869 1979 921 2040 τᾶς
940 1973 1086 2054 γὰς.’ἐπελ
1108 1973 1160 2035 υδν
1181 1977 1201 2036 ἁ
1222 1997 1260 2034 ιτε-

192 2081 330 2160 ρίμετρος
350 2079 399 2138 τοῦ
419 2080 589 2163 γιλιαγώνου
611 2086 664 2147 τάς
682 2080 734 2162 μὲν
757 2081 908 2164 διαμέτρου
931 2087 983 2148 τὰς
1002 2087 1058 2162 γὰς
1073 2080 1208 2144 ἐλάσσων
1224 2083 1262 2144 ἐσ·

196 2187 234 2245 τλν
262 2181 283 2267 ἢ
309 2190 586 2268 τρισμυριοπλασὰυν,
615 2191 668 2252 τάς
687 2187 721 2248 δὲ
743 2187 894 2269 διαμέτρου
916 2192 966 2248 τοῦ
988 2191 1097 2272 κάομαι
1118 2189 1263 2272 μείζωνιῖ
1302 2242 1304 2248 .

196 2295 372 2375 τριπλασίων·
400 2293 540 2352 δεδεὰιται
567 2291 623 2374 γάρ
651 2315 702 2362 τοι,
730 2294 799 2353 διότι
826 2297 930 2360 παντὸς
954 2295 1055 2357 κόκλου
1077 2301 1096 2357 ἁ
1121 2300 1262 2382 διάμετρος

194 2400 324 2461 ἐλάσσων
347 2401 420 2461 ἐστὶν
443 2395 463 2481 δ
484 2402 577 2482 τρίτον
595 2401 686 2483 μέρος
706 2401 811 2468 παντὸς
831 2406 1000 2484 πολυγωνίου
1022 2411 1075 2472 τάς
1090 2409 1252 2490 περιμέςουν,

194 2509 269 2588 ἕλικα
291 2507 315 2592 ᾗ
332 2510 495 2590 ἰσόπλευρονν
515 2509 561 2567 καλ
584 2510 811 2606 πολυγωνότέρυν
834 2514 883 2588 τοῦ
906 2510 1050 2604 ἑξαγώνου
1075 2513 1246 2598 ἐγγεγραμμέ-

195 2618 281 2678 νονέν
301 2623 342 2699 τῷ
365 2615 466 2698 κόκλῳ·
491 2617 530 2700 εἴη
554 2641 590 2682 κα
613 2617 631 2676 ἁ
654 2617 806 2700 διάμετρος
827 2621 875 2678 τοῦ
898 2619 1005 2701 κόσμου
1027 2620 1163 2682 ἐλάσσων
1184 2617 1197 2704 ἢ
1216 2643 1251 2704 μιν·

192 2727 363 2808 ριοττλασίων
387 2730 438 2792 τὰς
458 2724 609 2806 διαμέτρου
631 2731 682 2792 τάς
703 2731 764 2804 γᾶς.
788 2729 806 2785 ἁ
825 2726 879 2808 μὲν
900 2725 950 2789 οὖν
968 2728 1122 2810 διάμετρος
1140 2734 1190 2790 τοῦ
1207 2750 1259 2788 κου-

283 2945 310 3005 1.
339 2942 477 3004 δείκνυται
508 2943 544 3001 D.
594 2943 640 3002 καλ
667 2965 722 3003 om.
755 2943 814 3003 BR.
865 2945 893 3004 2.
917 2943 970 3022 ότι]
1001 2945 1112 3021 scripsi,
1143 2942 1205 3003 οἴου
1231 2941 1264 3014 D,

197 3029 254 3088 οἷον
277 3035 355 3101 cett„
379 3024 456 3106 quod
479 3035 546 3105 post
568 3027 637 3086 τάδε
659 3031 709 3086 uix
732 3030 802 3086 ferri
819 3037 924 3106 potest.
948 3029 967 3086 ἁ
990 3051 1035 3089 om
1061 3029 1096 3092 D,
1143 3027 1266 3088 ἐλάττων

196 3135 304 3175 omnes,
349 3117 376 3174 3.
401 3113 454 3192 ότι]
479 3114 598 3190 scripsi3
622 3109 664 3172 ἔτι
685 3133 800 3185 omnes;
825 3115 891 3176 fort.
909 3110 950 3172 ἔτι
969 3114 1019 3172 ότι.
1061 3112 1194 3174 ἐλάττων
1212 3137 1269 3174 om·

197 3220 258 3259 nes.
305 3203 331 3257 5.
353 3199 469 3278 μείζονα
500 3201 616 3276 scripsi,
633 3221 696 3258 cum
726 3199 785 3271 BR,
813 3195 924 3278 μείζων
952 3199 1057 3258 FAGD
1081 3200 1159 3272 Bas„
1183 3201 1272 3280 μειζω
1341 3205 1342 3208 ’

198 3285 271 3344 WT.
316 3285 592 3364 τριακονταπλασίων
620 3283 731 3342 FACD·
753 3285 819 3344 Bas.
877 3287 904 3343 6.
935 3283 1024 3348 έλινὰς
1054 3285 1102 3342 hic
1134 3295 1162 3344 et
1199 3287 1273 3343 infra

200 3370 267 3432 BaS.
295 3369 342 3428 F?
374 3367 484 3448 μείζων
514 3370 562 3426 FC
591 3367 668 3440 Bas,
697 3366 799 3448 μεῖζον
833 3369 895 3432 AD.
948 3369 975 3428 7.
1004 3367 1132 3428 ’ἐλάττων
1166 3369 1274 3430 omn'es.

202 3459 230 3514 9.
241 3453 414 3537 γιλιαγώρου
427 3455 462 3513 D.
489 3456 536 3515 10.
551 3456 617 3532 τῶν]
632 3453 728 3558 τγῦλ).
755 3456 802 3517 ll.
815 3457 942 3534 φανεροῦ
955 3453 990 3512 D.
1016 3455 1064 3515 12.
1077 3453 1205 3515 ἐλάττων
1217 3477 1275 3515 om-

199 3559 259 3600 nes.
285 3543 332 3601 13.
346 3541 364 3598 ἁ
377 3539 410 3598 δὲ
423 3538 574 3619 διάμετρος
584 3541 633 3598 τοῦ
645 3541 723 3597 αλίου
735 3561 789 3597 om.
804 3539 839 3597 D.
864 3538 988 3598 ἐλάττων
1000 3560 1107 3599 omnes
1135 3543 1183 3600 14.
1199 3539 1275 3599 ἐλάτ-

201 3646 257 3684 των
279 3646 386 3685 omnes.
436 3627 483 3690 16.
507 3623 632 3683 ἐλάττων
654 3645 762 3683 omnes.
810 3626 856 3684 18.
880 3624 954 3706 διότι
966 3627 1077 3684 retineo
1101 3647 1166 3684 cum
1191 3627 1273 3684 codd.

200 3710 266 3772 Bas,
290 3709 331 3782 R.;
365 3711 416 3769 cfr.
443 3711 477 3767 nd
503 3713 524 3781 λ,
548 3712 581 3780 4ῖ
617 3708 650 3790 δή
673 3709 715 3782 ότι
737 3711 774 3780 T;
804 3713 890 3768 etiam
914 3709 952 3767 W
974 3709 1044 3768 διότι
1063 3711 1110 3768 uel
1133 3709 1177 3769 ὅτι
1201 3713 1273 3776 scri-

199 3795 327 3854 bendum
352 3803 459 3854 censet.
507 3797 554 3855 19.
579 3793 703 3853 ἐλάττων
725 3813 832 3852 omnes,
877 3795 967 3852 πάντα
992 3795 1029 3856 D.
1075 3799 1126 3859 τὰς
1148 3815 1202 3869 ego
1225 3797 1275 3852 ad·
1341 3869 1342 3874 γ

200 3881 270 3943 didi.
316 3884 365 3942 20.
389 3879 407 3938 δ’
427 3903 464 3939 κα
487 3873 506 3960 ᾗ
526 3899 592 3954 0303
616 3879 632 3938 δ
654 3880 702 3938 καλ
721 3881 762 3944 εἷς
779 3879 864 3938 codd.
878 3879 997 3952 Bas.R;
1021 3878 1039 3937 ό
1050 3901 1086 3937 κα
1098 3880 1172 3940 WT.
1219 3881 1274 3938 ἶσό-

200 3967 316 4045 ττλευρον
329 3988 391 4025 cum
407 3967 477 4026 WT.
492 3967 541 4042 qui
553 3973 650 4022 tamen
661 3963 707 4024 ἐόν
720 3966 845 4036 addunt3
859 3965 875 4023 ἁ
887 3961 1103 4046 είλπλεορδνέόν
1112 3967 1197 4024 codd.
1207 3963 1276 4037 (ἐὼν

201 4049 295 4127 VAD)
309 4053 374 4132 Bas.
409 4051 425 4107 ό
445 4050 619 4130 εδπλευρᾶς
634 4048 680 4109 ἐόν
692 4049 725 4107 R.
750 4051 796 4108 καὶ
812 4049 1042 4130 πολυγωνότερυν
1061 4049 1110 4108 τοῦ
1129 4049 1278 4130 ἐξαγώνιον

201 4133 430 4217 ἐγγεγραμμένον
458 4133 487 4194 έν
515 4139 557 4213 τῷ
579 4131 686 4214 ινιὰκλιμ·
715 4134 756 4215 εἴη
778 4157 815 4193 κα
838 4137 855 4192 ἁ
879 4135 1042 4215 διάμετρος]
1064 4138 1183 4212 som'psi3
1208 4133 1278 4216 άμε-
