2714 4570
675 275 735 331 118

244 470 405 534 Codicem
427 471 601 535 Uenetum
631 493 767 553 quoque
790 472 882 534 initio
905 473 1058 534 mutilum
1080 492 1158 536 esse
1180 483 1243 534 tes·

158 586 249 640 tatus
272 589 325 640 est
354 579 529 643 Morellius
558 579 600 659 (u.
624 599 728 661 supra
749 601 781 661 p.
809 582 887 661 114).
938 578 1010 644 Sed
1037 580 1072 641 in
1100 579 1129 642 F
1161 581 1245 642 etB

159 697 297 748 exstant
319 687 419 748 huius
449 686 617 768 epistulae
647 686 860 768 fragmenta,
890 688 925 749 in
954 687 982 748 F
1005 695 1120 749 autem
1143 707 1246 749 manu

158 794 348 855 recentiore
380 794 523 875 scripta‚·
552 813 598 856 ex
627 794 657 856 B
686 795 728 873 (u.
745 815 791 876 vp.
826 799 883 856 108
911 796 973 875 sq.)
1008 814 1070 856 sua
1103 796 1247 877 sumpsit

159 899 330 974 Riualtu5‚
354 902 416 963 sed
438 902 545 962 multa
567 903 762 964 coniectura
785 922 848 964 sua
869 902 1053 983 suppleuit:

294 1091 331 1154 F.
511 1059 513 1139 ί
557 1092 664 1154 Paris,
689 1097 773 1169 2360
794 1092 833 1155 B.
1000 1092 1174 1156 RiualtuS.

137 1347 352 1411 APXIMHAHE
371 1351 496 1411 Δωσιθέ-
565 1350 730 1437 Ἀρχιμήδης
750 1352 881 1432 Δοσιθέῳ
954 1349 1119 1435 Ἀρχιμήδης
1141 1351 1269 1430 Δοσιθέῳ

137 1481 304 1542 ῳχαιρειν.
353 1439 703 1588 Πράτερονὲεὐπράττειν·
744 1460 882 1540 πρότερον
910 1458 1108 1539 εὖπράττειν·
1132 1459 1268 1540 πρότερον

133 1565 186 1645 μὲν
238 1566 402 1626 ἀπέσταλκά
452 1585 511 1627 σοις
509 1567 574 1647 μὲν
596 1568 818 1628 ἀπεσταλκα..
843 1567 961 1709 ..ήμὲν
1012 1565 1185 1640 Ιἀπέσταλκα
1234 1565 1266 1622 τὰ

137 1674 173 1731 τὰ
195 1674 247 1738 δυς
260 1695 330 1732 ποτε
340 1630 511 1781 ’θεωρήμέή
525 1716 881 1738 ............
895 1655 951 1839 ήυφ
911 1673 1068 1754 αφ’ήμῶν
1096 1671 1267 1752 ἐσκεμμένα,
1340 1713 1341 1728 1

138 1802 171 1838 να
216 1781 381 1860 γράψαντες
421 1782 511 1861 μετάΙ
526 1829 881 1844 ............

137 1886 312 1956 ἀποδείξεων
331 1937 338 1961 ,
363 1938 496 1952 .....
509 1855 511 1933 θ
525 1936 882 1952 ............
895 1869 898 1963 λ
911 1888 1015 1963 δείξεις
1034 1886 1077 1952 ὡς
1097 1883 1100 1890 ’

911 1781 1076 1862 γράψαντες
1096 1778 1195 1839 αὐτῶν
1206 1779 1268 1837 ἀπο·
1340 1779 1341 1782 ’

136 1993 180 2052 ὅτι
223 1999 277 2054 πᾶν
321 2001 416 2078 τμήμα
465 1998 497 2056 τὸ
510 1981 511 2016 ³
525 1998 567 2056 ὅτι
610 2002 664 2056 πᾶν
709 1999 805 2076 τμήμα
850 1970 953 2080 τδήὸτι
996 1999 1049 2052 πᾶν
1096 1996 1196 2073 τμήμα
1239 1991 1268 2049 τὸ

137 2103 340 2183 περιεχόμενον
444 2093 727 2185 ὑπὺῖπεριεχόμενον
760 2103 813 2161 ὑπό
852 2081 898 2180 τελ
911 2102 1114 2183 περιεχόμενον
1154 2100 1209 2159 ιἰπά
1241 2119 1269 2156 τε

138 2207 315 2288 ὀρθογωνίου
395 2212 497 2285 κώνου,
510 2203 641 2276 λεύθείας
672 2233 719 2268 και
753 2210 898 2291 δρθυγω-
896 2171 898 2226 Ι

138 2336 261 2394 Τθμῖγςο
247 2315 324 2379 ἐπ’.
381 2344 512 2401 ..¹ch¹
510 2339 582 2375 WOU
603 2316 697 2376 κώνου
719 2321 808 2398 Τθμῆς
829 2317 898 2385 ἐπί-Ι
911 2319 968 2376 νίθῐλ
989 2315 1082 2375 κώνθῑ)
1104 2337 1199 2395 supr<
1219 2311 1268 2372 ἐπί·

911 2209 1030 2273 εὐθείας
1061 2209 1107 2266 καὶ
1140 2207 1269 2287 δρθογω·
1342 2183 1343 2204 ³

138 2443 186 2480 τον
219 2421 279 2482 ἐστι
312 2423 415 2508 ταύτην
449 2414 617 2534 τήνήτριτυν
654 2423 714 2482 ἐστὶ
747 2424 898 2511 τριγώνου
896 2432 1003 2504 Ιτριτον
1037 2421 1098 2481 ἐστι
1133 2419 1271 2502 τριγώνου

138 2529 224 2603 βάσιν
278 2529 366 2615 ἔχοντ
353 2558 399 2599 ος
458 2541 512 2626 τῷ
510 2504 574 2590 τοῦ
624 2527 745 2614 ἔχοντος
797 2518 898 2627 βάσιν
912 2532 961 2588 τοῦ
1014 2525 1134 2612 ἔχοντος
1184 2526 1271 2604 βάσιν

139 2637 261 2718 τμήματι
319 2642 366 2700 καὶ
426 2639 512 2746 ῧψυςέ
525 2638 575 2718 τὴν
612 2637 699 2718 αὐτήν
737 2661 779 2718 τῳ
818 2640 898 2721 τμή-
896 2638 960 2719 τήν
994 2636 1081 2715 αὐτήν
1121 2658 1164 2714 τῳ
1206 2633 1269 2714 τμή·

139 2741 214 2802 ἴσον·
246 2747 322 2824 μετὰ
351 2747 385 2808 δὲ
408 2753 498 2810 ταῦτα
510 2769 591 2827 ματι
628 2747 675 2804 καλ
715 2743 789 2826 υψος
825 2680 973 2860 ἴσυνήτατι
995 2744 1042 2802 καί
1069 2741 1144 2822 ὕψος

137 2849 281 2912 ἀποπεσον
309 2860 365 2914 τῶν
389 2857 512 2940 θεωρή
489 2895 882 2916 ,,,,,,,,,,,,,,
896 2828 979 2987 ήῖσον
1025 2853 1070 2909 νῦν
1114 2849 1148 2908 δὲ
1190 2870 1269 2908 τινων

136 2957 247 3050 μάτων
265 2960 339 3020 ἀντιλ
326 2965 423 3041 λ·εγον
453 2987 498 3024 πε·
565 3011 571 3023 .
607 2981 750 3020 πεσοντων
773 2960 885 3041 θεωρή-
896 2957 1131 3071 γπροστιεσόντων
1161 2956 1269 3079 θεωρή-

138 3086 339 3146 ιιραγματευυν
367 3070 402 3151 δή
422 3073 499 3151 μετὰ
523 3069 624 3149 μάτων
651 3117 815 3130 ......
839 3090 885 3126 τιε-
897 3037 1010 3146 ήμάτων
1054 3059 1269 3143 πεπραγματεύ

139 3171 192 3236 τὰς
222 3173 381 3245 ἀποδείξεις
415 3178 497 3238 αὐτά.
526 3198 643 3256 πραγμα
657 3223 883 3238 ........
897 3156 990 3275 ήμεθα
1018 3172 1070 3235 τὰς
1100 3170 1270 3268 άποδείξεις,
1298 3187 1305 3203 ‘

139 3277 214 3338 ἐστὶν
237 3281 273 3340 δέ
294 3305 319 3341 τι
342 3284 422 3343 τάδε.
527 3285 581 3348 τὰς
600 3283 788 3352 ἀποδείξεις.
814 3331 820 3344 .
846 3331 852 3344 .
877 3280 932 3344 ,λδ
962 3278 1018 3338 ἐντί
1046 3279 1173 3336 τοιαῦτα·
1196 3279 1269 3358 πρῶ-

140 3389 251 3465 πρῶτον
283 3389 344 3470 μέν,
375 3391 417 3450 ὅτι
450 3397 502 3473 τῆς
528 3439 883 3453 ,,,,,,,,,,,,
898 3346 960 3446 Ιτον
981 3385 1034 3468 μὲν
1057 3385 1099 3442 ὅτι

140 3497 268 3573 σφαιρας
298 3498 314 3577 ή
350 3497 656 3579 ἐπιφάνειαίσφαήοας
687 3499 704 3580 ή
737 3496 886 3577 ἐπιφάνεια
913 3495 1042 3574 σφαιρας
1074 3493 1090 3572 ή
1124 3490 1271 3570 ἐπιφάνεια

140 3606 332 3681 τετραπλασία
362 3605 422 3665 ἐστὶ
450 3611 499 3666 τοῦ
512 3594 514 3605 ’
527 3606 720 3686 τετραπλασία
753 3603 814 3663 ἐστὶ
836 3606 885 3662 τοῦ
913 3599 1105 3682 τετραπλάσια
1134 3596 1196 3656 ἐστὶ
1223 3598 1271 3654 τοῦ

137 3709 275 3786 μεγίστου
308 3711 419 3772 κύκλου·
454 3712 499 3774 ἔτι·
513 3692 514 3735 ί
525 3713 661 3793 μεγίστου
694 3709 796 3771 κύκλου
830 3714 886 3769 τών
899 3709 1047 3795 Ιμεγίστου
1080 3702 1183 3764 κύκλου
1216 3705 1271 3761 τών

141 3833 202 3874 ειτα
235 3815 281 3886 δέ,
323 3819 365 3878 ὅτι
397 3818 557 3886 παντὸςέν
580 3818 657 3900 αὐτῇ
760 3818 820 3876 εἶτα
853 3816 887 3875 δὲ
914 3815 943 3874 ἐν
966 3813 1048 3894 αὐτῇ·
1079 3809 1216 3891 δεύτερον
1238 3807 1270 3866 δὲ

41 3995 51 4010 ,
141 3923 288 4006 τμήματος
375 3949 503 4010 σφαιρας
513 3900 570 3984 ὅτι
603 3927 708 3990 παντὸς
743 3925 889 4006 τμήματος
914 3923 956 3981 ὅτι
988 3919 1093 3983 παντὸς
1128 3917 1272 3999 τμήματος

142 4036 177 4114 τή
231 4025 380 4117 ἐπιφανείᾳ
442 4028 515 4101 ἶσοςΙ
513 4035 654 4141 σφαιρας
682 4037 717 4114 τή
737 4031 887 4111 ἐπιφανείᾳ
915 4051 1041 4109 σφαιρας
1068 4029 1102 4108 τή
1123 4023 1270 4104 ἐπιφανείᾳ

141 4139 202 4198 ἐστι
246 4142 346 4221 κώνῳ,
398 4165 432 4200 ου
484 4143 515 4243 ή
513 4108 590 4204 ἴσος
610 4139 673 4198 ἐστὶ
694 4136 797 4202 κύκλος
814 4134 928 4216 υυή
916 4157 977 4199 ισος
996 4155 1058 4192 εστι
1069 4129 1179 4204 κυκλος,
1203 4128 1269 4208 ουή
