2750 4594
668 291 708 347 30

235 472 293 534 De
316 473 436 534 lineis
459 472 671 552 parallelis
694 473 870 552 (Wenrich
893 493 925 553 p.
954 476 1031 552 194).

235 579 293 641 De
326 579 545 660 triangulis
579 580 755 660 (Wenrich
787 601 819 660 p.
864 582 949 661 ι94);
986 581 1020 640 in
1058 581 1229 643 lemmatis

150 706 252 766 supra
275 686 317 767 (p.
343 689 393 767 24)
416 688 686 750 commemoratis
714 708 810 769 prop.
842 693 860 749 6
890 686 1012 749 citatur
1038 688 1139 762 liber,
1169 689 1229 769 qui

149 792 356 854 inscribitur:
390 795 573 876 expositio,
603 816 705 875 quam
734 795 940 858 confecimus
970 798 1013 857 de
1040 796 1230 876 proprieta-

148 900 238 962 tibus
260 901 514 981 triangulorum,
538 911 573 964 et
594 903 716 964 librum
744 901 962 965 Archimedis
984 903 1230 966 commentario

148 1009 350 1070 instruxisse
373 1009 494 1071 dicitur
515 1009 631 1073 Senan
652 1012 721 1072 ben
742 1008 877 1072 Thabet
899 1009 1076 1090 (Wenrich
1092 1030 1124 1091 p.
1147 1012 1228 1090 roo).

235 1116 293 1178 De
328 1117 628 1197 triangulorum
668 1118 1001 1198 rectangulorum
1043 1117 1230 1199 proprie-
1295 1127 1302 1137 '

149 1224 303 1285 tatibus
326 1223 502 1302 (Wenrich
524 1245 557 1305 p.
586 1226 665 1305 194),
689 1225 779 1286 idem
801 1224 956 1298 fortasse,
980 1225 1037 1305 qui
1057 1227 1149 1306 apud
1165 1225 1229 1288 Ca·

149 1331 264 1392 sirium
286 1332 303 1392 1
324 1351 357 1410 p.
381 1336 443 1409 384
465 1341 622 1394 uocatur:
653 1333 739 1394 liber
769 1334 812 1394 de
839 1333 956 1413 anguli
986 1332 1148 1395 rectilinei
1171 1333 1229 1394 tri·

149 1438 299 1499 sectione
329 1448 363 1499 et
392 1439 656 1519 proprietatibus
690 1439 812 1519 (neque
845 1440 935 1501 enim
967 1441 1072 1501 talem
1104 1440 1229 1501 librum

149 1554 390 1606 commemorat
411 1544 596 1627 Wenrich).
652 1546 692 1609 In
728 1548 876 1609 lemmat.
904 1567 1000 1628 prop.
1026 1569 1042 1624 5
1067 1547 1228 1608 citantur:

148 1652 407 1733 propositiones,
431 1673 516 1732 quas
539 1654 745 1716 confecimus
768 1655 802 1715 in
825 1655 1040 1736 expositione
1062 1663 1229 1715 tractatus

63 1791 66 1796 >
149 1763 193 1821 de
221 1741 400 1840 triangulis
435 1761 660 1841 rectangulis3
689 1763 824 1823 uidetur
845 1762 948 1843 igitur
978 1761 1035 1841 agi
1065 1762 1107 1821 de
1138 1781 1230 1822 com·

125 1857 126 1860 ¹
148 1866 314 1929 mentatio
336 1868 435 1929 huius
457 1867 542 1930 libri.
900 1887 902 1892 ’

234 1975 353 2036 Liber
382 1976 565 2037 datorum
594 1975 713 2054 (Casiri
742 1976 758 2037 Ι
785 1995 817 2055 p.
843 1977 916 2055 384)
940 1975 1012 2036 siue
1035 1973 1229 2044 definito·

148 2102 231 2144 rum
249 2081 426 2160 (Wenrich
443 2103 475 2162 p.
494 2083 572 2162 ι94).
585 2119 626 2126 -
642 2082 772 2143 Uerum
789 2084 831 2143 de
849 2082 903 2144 his
915 2081 1070 2143 omnibus
1083 2080 1229 2161 scriptis,

149 2210 237 2270 quae
260 2191 303 2251 ab
326 2189 500 2250 Arabibus
523 2190 603 2251 solis
631 2200 952 2263 commemorantur,
986 2198 1053 2262 est,
1087 2209 1145 2250 cur
1168 2191 1229 2250 du·

147 2297 303 2358 bitemus.
348 2295 419 2360 Sed
442 2306 574 2358 constat
596 2317 674 2358 eum

234 2405 281 2464 de
317 2403 525 2485 polyedris
560 2404 735 2483 scripsisse
756 2403 959 2482 ⁵(incertum,
998 2403 1160 2484 singulari
1190 2402 1229 2463 li-

147 2510 210 2572 bro
234 2530 376 2572 ancum
398 2511 472 2572 aliis
494 2513 615 2591 rebus).
660 2511 903 2592 Pappusenim
915 2509 958 2586 V,
975 2533 1012 2588 ι9
1036 2510 1063 2590 (I
1074 2531 1106 2590 p.
1120 2533 1137 2587 3
1143 2531 1228 2587 52-—

150 2637 166 2694 5
172 2619 200 2698 5)
234 2618 320 2679 haec
353 2618 475 2680 habet:
510 2620 599 2677 ταῦτα
633 2617 786 2698 (πολύεδρα
826 2615 950 2676 εὔτακτα
984 2638 1008 2679 s
1043 2615 1228 2698 regularia)

149 2723 250 2784 δ’ἐστὶν
267 2725 299 2783 οὐ
313 2727 400 2804 μόνον
413 2727 448 2784 τὰ
465 2727 542 2804 παρὰ
555 2730 597 2805 τῷ
612 2725 756 2806 θειοτάτῳ
770 2725 897 2784 Πλάτωνι
914 2725 995 2784 πέντε
1008 2725 1163 2807 σχήματα.
1181 2765 1228 2794 ..,

148 2833 218 2890 ἀλλὰ
245 2833 292 2890 καὶ
321 2833 356 2890 τὰ
386 2833 438 2891 ὑπὸ
468 2822 654 2914 Ἀργιμηδοος
679 2832 838 2912 εὑρεθέντα
866 2832 1048 2913 τρισκαιδεκα
1079 2833 1126 2890 τδν
1148 2831 1229 2910 ἀριδ-

145 2939 200 3019 μδν
223 2939 275 2998 ὑπὸ
299 2939 471 3019 ἰσοπλεύρων
491 2939 544 3018 μὲν
567 2942 613 2998 καὶ
636 2941 809 3016 ἰσογωνίων,
840 2939 895 3022 οὐχ
917 2941 1024 3018 ὁμοίιον
1047 2938 1081 2998 δὲ
1103 2938 1228 3016 πολυγώ-

149 3067 204 3105 νων
233 3048 432 3128 περιεχόμενοι.
483 3046 573 3108 Dein
601 3066 643 3108 ea
673 3055 858 3107 enumerat.
909 3046 1077 3107 Peruerse
1104 3045 1228 3126 '(Her0)

147 3150 283 3214 Definit.
312 3174 365 3215 101
404 3174 435 3234 p.
465 3174 522 3230 29:
550 3149 722 3236 Ἀρχιμήδης
748 3154 782 3214 δὲ
812 3154 996 3232 τρισκαίδεκα
1028 3153 1079 3211 ὅλα
1111 3152 1227 3234 (diod)

149 3261 231 3340 φησὶν
254 3261 441 3340 εὑρίσκεσθαι
459 3261 595 3342 σχήματα
608 3261 750 3338 δυνάμενα
762 3260 940 3339 ἐγγραφῆναι
952 3265 987 3340 τῇ
1007 3261 1119 3342 σφαιρᾳ
1141 3281 1227 3340 προσ-

151 3368 239 3432 τιθεὶς
260 3367 336 3426 ὀκτὼ
356 3368 432 3447 μετὰ
462 3369 498 3426 τὰ
528 3368 660 3448 εἰρημένα
683 3367 764 3426 πέντε
788 3366 970 3446 (Platonis).
1023 3367 1083 3456 De⁴
1109 3387 1227 3428 eorum

149 3475 349 3555 angulorum
372 3485 407 3536 et
429 3476 572 3536 laterum
600 3495 741 3536 numero
771 3473 829 3536 cfr.
857 3473 997 3554 Pappus
1026 3473 1095 3553 Ip.
1120 3496 1137 3551 3
1143 3495 1226 3550 54-

150 3604 199 3660 39.
243 3581 321 3643 Huc
352 3592 507 3662 spectare
537 3591 620 3662 puto
649 3591 684 3643 et
712 3580 922 3662 Simplicium
950 3582 995 3642 ad
1016 3579 1158 3643 Aristot.
1182 3583 1227 3642 de

149 3691 231 3752 cael.
254 3688 304 3750 IV
327 3709 358 3770 p.
383 3711 446 3767 494
473 3709 494 3750 a
523 3700 557 3751 et
583 3690 740 3751 Proclum
762 3698 946 3750 comment.
977 3688 1011 3748 in
1041 3687 1168 3749 Timae.
1192 3708 1225 3768 p.

149 3801 211 3874 384
234 3799 286 3858 ed.
310 3795 506 3860 Schneider.

239 3926 263 3965 1.
308 3902 535 3965 Archimedes
565 3904 609 3964 de
639 3903 712 3982 sph.
742 3912 776 3963 et
804 3903 868 3984 cyl.
891 3903 940 3975 II,
970 3923 987 3979 5
1016 3921 1048 3982 p.
1076 3907 1150 3979 158:
1179 3903 1227 3960 καὶ

149 3985 240 4058 ἔσταιρ
263 3988 379 4067 inquit,
403 3989 435 4046 τὸ
459 3989 609 4068 πρόβλημα
627 3992 767 4049 τοιοῦτονι
789 3986 840 4045 δύο
863 3988 1004 4046 δοθεισῶν
1027 3989 1147 4046 εὐθειῶν
1170 3989 1226 4045 τῶν

149 4072 213 4142 ΔΒ,
239 4073 301 4141 ΒΖ,
324 4074 371 4130 καὶ
393 4067 540 4136 διπλασίοις
559 4069 648 4153 οὔσης
668 4077 719 4151 τῆς
739 4072 788 4130 ΔΒ
803 4076 861 4151 ’τῆς
882 4072 946 4154 BZ,
973 4072 1020 4128 uui
1042 4074 1160 4153 σημείου
1182 4070 1226 4128 ἐπὶ

150 4161 201 4238 τῆς
228 4157 279 4214 BZ
306 4158 356 4213 τοῦ
388 4155 423 4223 Θ,
453 4160 545 4234 τεμεῖν
575 4156 623 4234 τὴν
652 4156 702 4214 ΔΒ
731 4156 805 4214 κατὰ
835 4157 867 4214 τὸ
898 4157 927 4214 X
954 4156 1000 4214 >cal
1023 4163 1108 4215 ποιεῖν
1130 4154 1172 4219 ivr
1193 4155 1225 4212 τι)
