2750 4594
639 300 673 358 17

119 483 201 543 tium
231 482 378 545 cuiusuis
414 482 526 564 spirae
555 481 674 544 helicis
702 481 845 543 Inueniri
874 481 982 563 possit
1012 481 1197 560 (XXIV-'-

122 588 294 670 XXVII);
324 599 495 671 postremo
526 590 569 650 de
601 589 732 650 ratione
765 587 951 670 figurarum
985 589 1197 669 quarundam

31 731 33 776 j
119 696 215 757 lineis
238 696 341 758 rectis
364 698 408 758 ab
438 695 533 757 initio
566 695 683 758 helicis
714 695 823 757 ductis
851 705 886 758 et
914 695 1113 777 peripheriis
1136 696 1196 758 cir·

28 879 29 882 ¹
119 804 272 865 culorum
306 813 343 865 et
367 803 477 866 helice
508 802 828 884 comprehensarum
858 802 970 884 agitur
1003 801 1196 884 (XXVIII).

26 917 27 933 ¹
118 910 182 989 (De
205 930 328 992 propp.
354 931 403 987 24,
428 930 477 990 27,
503 914 558 983 28,
581 909 680 971 huius
702 909 807 972 libelli
829 911 1012 990 capitibus,
1035 931 1066 972 u.
1089 909 1195 990 praef.

119 1037 150 1097 p.
175 1019 347 1099 κιο-κο).

208 1191 233 1230 1.
281 1169 388 1231 Helix
412 1168 483 1229 siue
506 1168 596 1230 linea
618 1167 750 1249 spiralis
773 1189 794 1229 a
816 1166 964 1242 Conone,
981 1168 1198 1231 Archimedis

119 1252 230 1315 amico
267 1263 303 1314 et
336 1263 513 1334 geometra
545 1253 731 1315 clarissimo
764 1252 806 1334 (p.
839 1272 855 1332 7
887 1262 954 1315 not.
985 1256 1025 1336 4),
1059 1248 1212 1338 inuenta¹

119 1358 194 1400 esse
216 1338 364 1400 uidetur.
416 1337 555 1419 Pappus
584 1338 607 1416 Ι,
622 1358 654 1419 p.
680 1360 756 1416 234:
785 1339 818 1396 τὸ
848 1338 891 1396 ἐπὶ
913 1343 965 1420 τῆς
985 1337 1077 1404 ἕλικος
1097 1345 1148 1419 της
1168 1340 1198 1399 ἐν

23 1479 26 1495 ,
117 1422 239 1503 ἐπιπέδῳ
282 1422 467 1504 γραφομένης
500 1423 642 1502 θεώρημα
680 1419 877 1505 προύτεινε
912 1423 978 1501 μὲν
1020 1423 1142 1483 Κόνων
1181 1426 1197 1483 ύ

23 1520 24 1543 ¹
119 1507 145 1565 Σ
150 1508 169 1566 ά
174 1530 265 1587 pror
278 1506 454 1588 γεωμέτρης,
467 1506 612 1576 ἀπέδειξεν
632 1507 665 1566 δὲ
677 1507 861 1591 Ἀρχιμήδης
885 1507 959 1569 sine
977 1508 1080 1570 dubio
1095 1509 1198 1570 etiam

21 1646 25 1672 ,
118 1592 298 1654 nonnullas
331 1593 375 1652 de
409 1611 452 1653 ea
484 1591 733 1673 propositiones
763 1593 1070 1666 demonstrauerat;
1106 1603 1198 1655 certe

119 1678 209 1756 apud
233 1676 400 1739 Casirium
427 1676 508 1738 bibl.
531 1675 638 1738 Arab.
668 1677 747 1758 lp.
771 1681 831 1754 382
857 1679 1012 1739 dicuntur
1035 1677 1198 1740 contineri

119 1761 152 1821 in
174 1762 296 1823 codice
325 1762 473 1842 quodam
495 1760 646 1823 Arabico
670 1760 836 1842 (CMLV):
861 1773 1048 1842 »excerpta
1070 1784 1089 1824 e
1111 1762 1198 1826 Sim·

119 1847 259 1920 meadis
291 1846 326 1907 id
349 1855 402 1907 est
423 1844 545 1919 Samii,
573 1845 659 1908 libro
688 1847 731 1908 de
754 1847 852 1908 lineis
875 1847 1086 1927 spiralibus«,
1110 1868 1198 1927 quae

121 1929 268 1992 Cononis
303 1929 410 1992 Samii
443 1950 519 1992 esse
553 1931 587 1992 in
619 1941 779 2011 promptu
813 1941 865 1992 est
898 1932 1072 2012 suspicari.
1127 1931 1198 1994 Sed

119 2014 287 2096 quidquid
313 2014 348 2077 id
376 2023 437 2089 est,
460 2015 524 2077 hoc
553 2025 701 2090 constat,
732 2015 982 2096 propositiones
1010 2018 1053 2078 ab
1076 2015 1198 2078 Archi·

118 2102 216 2161 mede
251 2101 501 2162 demonstratas
531 2101 575 2161 ab
605 2101 679 2181 ipso
708 2121 784 2162 esse
813 2100 967 2162 inuentas
1002 2110 1036 2162 et
1070 2100 1198 2164 Cononi

119 2185 302 2246 soluendas
324 2184 445 2245 missas
478 2183 519 2264 (u.
543 2204 631 2264 quae
665 2185 769 2247 adtuli
802 2205 834 2267 p.
866 2208 918 2260 11,
942 2195 977 2247 et
1009 2185 1067 2248 cfr.
1101 2205 1198 2267 prae·

118 2276 213 2331 terea
224 2269 443 2331 Archimedis
465 2271 573 2331 uerba
588 2271 734 2350 περλὲλίκ.
747 2269 854 2350 praef.
871 2291 904 2351 p.
924 2291 1002 2350 217:
1026 2271 1125 2330 Κόνων
1145 2272 1198 2352 μὲν
1220 2287 1223 2292 ’

118 2353 170 2435 οὐχ
200 2355 297 2413 ἱκανὸν
326 2353 424 2431 λαβὼν
448 2356 554 2438 χρόνον
583 2354 615 2418 ἐς
645 2354 695 2414 τὰν
721 2356 875 2436 μάστευσιν
905 2356 999 2421 αὐτῶν
1023 2355 1199 2436 μετάλλαξεν

118 2437 165 2496 τὸν
186 2439 268 2514 βίον,
291 2435 327 2503 ὃς
348 2439 419 2518 δῆλα
447 2439 575 2520 ἐποίησεν
597 2441 687 2516 καῙ),
711 2441 801 2498 ταῦτα
823 2441 914 2498 πάντα
938 2439 1030 2519 εὑρὼν
1060 2440 1106 2497 καὶ
1129 2437 1200 2500 ἄλλα

117 2523 202 2581 πολλὰ
235 2521 381 2603 ἐξευρών).
436 2522 557 2603 Itaque
580 2520 775 2606 Ἀρχιμηὸειαι
808 2521 899 2589 ἕλικες
930 2524 1145 2605 adpellantur
1179 2545 1199 2586 a

20 2633 21 2662 ι
117 2604 241 2668 Proclo
274 2607 309 2667 in
341 2607 433 2669 Eucl.
462 2627 495 2688 p.
532 2628 602 2687 272,
641 2629 687 2669 10.
731 2606 950 2670 Archimedis
981 2609 1058 2670 libri
1091 2609 1198 2689 epito-

117 2709 194 2752 men
217 2691 326 2754 habet
347 2691 488 2772 Pappus
510 2693 526 2753 Ι
548 2713 580 2774 p.
606 2713 621 2752 2
627 2697 769 2770 pie-38,
794 2693 863 2754 suis
885 2713 965 2754 usus
988 2694 1198 2755 demonstra-

119 2769 285 2849 tionibus'3
325 2775 404 2838 dein
437 2776 520 2849 IV,·
544 2799 645 2854 24—2
652 2798 668 2854 5
702 2797 734 2858 p.
770 2798 914 2854 240-—42
950 2778 1199 2859 propositiones

120 2862 287 2938 quasdam
309 2880 330 2921 a
352 2881 389 2922 se
411 2861 485 2943 ipso
508 2872 663 2942 repertas
686 2862 835 2943 exponit,
860 2871 895 2924 et
916 2863 960 2924 de
982 2863 1099 2924 helicis
1121 2883 1199 2925 cum

120 2943 152 3003 in
175 2945 321 3027 cylindri
344 2945 521 3026 superficie
550 2957 622 3008 tum
651 2947 686 3007 in
715 2948 817 3026 plano
841 2948 1032 3028 descriptae
1055 2947 1198 3010 utilitate

20 3041 21 3054 ¹
120 3029 163 3089 ad
185 3030 426 3090 inueniendam
448 3032 698 3111 quadratricem
727 3032 799 3113 agit
829 3033 899 3112 Ip.
933 3053 948 3093 2
954 3036 1096 3109 58-64;
1127 3042 1198 3094 tum

121 3114 162 3175 de
183 3115 295 3176 helice
317 3113 352 3175 in
374 3116 541 3196 sphaerae
565 3115 742 3196 superficie
769 3118 940 3198 descripta
963 3118 1005 3198 (p.
1030 3120 1197 3200 264—69).

20 3203 21 3208 ’
77 3227 79 3233 “
120 3197 189 3279 Ip.
216 3218 279 3278 270
299 3199 385 3261 haec
412 3201 532 3263 habet:
568 3202 652 3260 δοκεῖ
674 3201 709 3270 δέ
739 3225 800 3266 πως
827 3203 981 3283 ἁμάρτημα
1011 3203 1043 3260 τὸ
1073 3207 1198 3263 τοιοῦτον

121 3281 153 3340 ού
183 3285 285 3364 μικρὸν
318 3283 386 3343 εἶναι
413 3291 471 3351 τοῖς
496 3285 687 3366 μεωμέτραις,
721 3286 789 3345 ὅταν
811 3285 939 3344 ἐπίπεδον
972 3287 1123 3367 πρόβλημα
1153 3289 1199 3348 διὰ

121 3369 177 3425 τῶν
199 3371 325 3427 κωνικῶν
348 3365 365 3448 ἢ
389 3371 443 3428 τῶν
466 3373 631 3452 γραμμικῶν
654 3371 707 3428 ύπό
729 3393 802 3435 τινος
821 3371 990 3452 εὑρίσκηται,
1014 3372 1105 3430 καὶτὸ
1120 3371 1198 3431 σύνσ-

121 3452 166 3509 λσν
194 3453 263 3510 ὅταν
291 3451 326 3521 ἐξ
343 3453 480 3513 ἀνσικείοσ
507 3453 606 3533 γένους
634 3451 739 3535 λύηται,
770 3454 827 3512 οἷόν
857 3453 931 3513 ἐστιν
959 3456 975 3534 ἡ
1006 3453 1036 3513 ἐν
1065 3459 1108 3535 τῷ
1136 3458 1199 3537 περὶ

122 3539 177 3615 τῆς,
200 3535 292 3601 ἕλικος
312 3538 365 3595 ὑπὸ
388 3537 574 3620 Ἀρχιμήδους
602 3538 800 3619 λαμβανομένη
829 3539 936 3619 στερεὰ
965 3538 1023 3618 (sic
1053 3540 1198 3623 codices)

123 3622 214 3685 νεῦσις
240 3619 283 3680 ἐπὶ
311 3619 420 3681 κύκλον.
475 3622 617 3684 Uerbis:
641 3624 748 3703 creperi
771 3625 864 3688 νεύσις
894 3622 937 3682 ἐπὶ
969 3621 1069 3684 κύκλον
1103 3626 1144 3705 (h.
1169 3647 1197 3688 e.

123 3702 294 3766 inclinatio
315 3705 426 3768 lineae
447 3716 562 3769 rectae
585 3707 630 3768 ad
652 3707 820 3781 circulum,
851 3727 939 3786 quae
961 3728 1029 3769 non
1051 3709 1114 3771 nisi
1137 3731 1199 3792 per

124 3788 230 3850 solida
260 3790 331 3850 siue
360 3793 527 3854 sectiones
557 3792 692 3854 conicas
720 3793 861 3873 reperiri
889 3793 1006 3875 possit)
1029 3791 1199 3876 significat

125 3871 195 3935 sine
229 3875 332 3936 dubio
365 3879 427 3956 περὶ
461 3877 526 3936 ἑλίκ.
560 3896 655 3958 prop.
691 3881 724 3950 83
755 3896 786 3938 u.
821 3897 910 3957 quae
943 3878 1114 3957 disputaui
1149 3881 1197 3942 in:

126 3955 281 4021 Zeitschr.
305 3958 326 4022 f.
349 3960 455 4023 Math.
478 3980 510 4023 u.
533 3959 674 4043 Physik,
702 3961 841 4023 hist-lit.
869 3961 976 4024 Abth.
1008 3961 1135 4024 XXIII
1164 3985 1199 4044 p.

128 4099 326 4110 Ἦ

146 4165 164 4232 ¹)
182 4167 226 4223 De
244 4170 301 4224 hac
320 4171 495 4226 coniectura
512 4189 580 4226 mea
598 4185 625 4226 u.
645 4173 731 4226 infra.

975 4259 992 4310 2
