2750 4594
640 301 679 358 35

554 481 674 598 Caput
708 480 760 572 ΙΙΙ.

409 678 460 732 De
479 679 651 734 machinis
670 677 892 740 Archimedis

607 808 687 816 -—..—
698 810 705 814 .

199 876 307 958 Apud
317 879 509 960 superiores
531 881 574 940 de
598 879 871 960 quadraginta
893 878 1038 940 inuentis
1061 878 1195 940 mecha·

124 983 199 1046 nicis
227 967 446 1047 Archimedis
482 984 599 1047 fabula
634 986 839 1066 peruuigeta
869 996 958 1058 erat;
992 1006 1071 1046 nam
1104 988 1196 1066 apud

124 1089 273 1172 Pappum
297 1092 390 1154 Vni
404 1113 436 1172 p.
465 1099 529 1171 460
557 1095 610 1156 ed.
641 1092 877 1156 Commendini
906 1094 1102 1174 legebatur:
1131 1094 1197 1156 hoc

125 1199 204 1260 enim
227 1210 280 1262 est
303 1201 660 1282 quadragesimum
682 1202 857 1263 inuentum
878 1201 1116 1263 mechanicum
1131 1201 1197 1262 Ar-

126 1305 289 1370 chimedis.
323 1306 395 1370 Sed
418 1308 565 1370 dubitari
583 1328 651 1371 non
663 1317 785 1388 potest,
809 1308 891 1388 quin
907 1308 1095 1372 rectissime
1114 1307 1198 1371 Ger-

126 1413 217 1476 hardt
238 1436 271 1497 p.
298 1437 361 1494 33ο
384 1416 431 1478 sic
460 1416 572 1478 locum
604 1416 802 1478 restituerit:
826 1419 910 1474 τοῦτο
932 1416 989 1495 γὰρ
1012 1395 1202 1498 Ἀρχιμήδους

125 1520 179 1598 μὲν
201 1521 273 1603 (pro
294 1523 337 1605 μδ
359 1521 469 1604 εὕρημα
492 1523 604 1603 λέγεται
623 1525 779 1608 μηχανικόν
802 1523 977 1603 (sequiturz
1011 1522 1104 1604 Ἥρων
1127 1523 1160 1583 δὲ
1182 1524 1199 1582 ὁ

127 1623 324 1712 Ἀλεξανδρεὺς
343 1631 413 1690 πάνυ
435 1633 540 1710 σαφῶς
560 1633 609 1711 τὴν
630 1631 808 1711 κατασκευὴν
831 1629 964 1705 ἐξέδετα;
988 1633 1108 1705 codex,
1132 1651 1199 1712 quo

128 1749 199 1792 usus
221 1742 275 1802 est
306 1730 495 1807 Gerhardt,
523 1735 629 1796 habet
650 1738 684 1822 {d
708 1733 813 1794 uoluit
831 1733 903 1795 sine
921 1733 1024 1795 dubio
1056 1715 1086 1816 ᾗ,
1110 1753 1199 1796 com·

128 1839 281 1915 pendium
304 1841 494 1921 particulae
519 1841 591 1922 μέν).
637 1841 715 1904 Hoc
743 1841 846 1922 igitur
874 1842 949 1904 loco
976 1860 1200 1921 exponemus

129 1956 289 2023 quatenus
323 1946 550 2050 Archimedes
575 1948 850 2011 mechanicorum
883 1948 1024 2010 scientia
1056 1969 1117 2010 sua
1149 1949 1199 2009 uti

128 2055 267 2134 potuerit
295 2057 340 2116 ad
370 2057 545 2118 machinas
575 2057 825 2138 excogitandas
859 2058 1119 2136 struendasque;
1154 2057 1197 2116 de

129 2161 242 2239 quibus
289 2162 371 2243 quid
412 2164 484 2244 ipse
532 2165 690 2238 senserit,
732 2165 1070 2226 commemorauimus
1110 2184 1142 2245 p.
1178 2168 1196 2224 8

128 2278 189 2331 not.
213 2291 240 2350 7.

209 2400 234 2440 1.
280 2377 419 2440 Procius
441 2379 476 2440 in
497 2378 588 2441 Eucl.
611 2399 644 2461 p.
669 2401 760 2458 4ι,3
792 2401 846 2461 sq:
878 2381 949 2460 πρὸς
974 2379 1008 2460 δὴ
1038 2377 1154 2445 ταύταις
1181 2381 1198 2460 ἡ

127 2462 259 2543 μηχανικὴ
288 2463 443 2545 καλουμένη
474 2468 524 2545 τῆς
551 2466 614 2543 περὶ
646 2465 681 2522 τὰ
710 2465 834 2546 αι’σδητὰ
861 2465 908 2523 καλ
935 2465 970 2523 τὰ
998 2461 1093 2530 ἔναλα,
1111 2487 1198 2544 πραχ-

126 2545 240 2621 ματείας
258 2548 350 2629 μέρος
371 2549 549 2630 ὑπάρχουσα,
574 2550 626 2607 ὑπὸ
649 2549 683 2608 δὲ
704 2547 806 2631 ταύτην
829 2549 846 2629 ἦ
869 2571 900 2608 τε
923 2549 1119 2628 δρχαναποιικὴ
1143 2552 1198 2607 τῶν

128 2629 195 2689 κατὰ
222 2633 344 2711 πόλεμον
374 2632 537 2714 ἐπιτηδείαν
572 2633 717 2711 δργάνων,
746 2633 793 2694 οἷα
823 2633 874 2776 δὲ
890 2635 936 2692 καί
959 2631 1131 2715 Ἀρχιμήδης
1157 2632 1198 2692 λέ.

128 2733 201 2817 perae
221 2719 438 2776 κατασκευάσαι
461 2721 517 2777 τῶν
543 2717 738 2798 πολεμούντων
766 2719 815 2800 την
875 2716 1036 2798 υρακούσαν
1064 2717 1199 2798 ἀμυντικὰ

129 2819 230 2876 ορχανα
254 2804 312 2860 κτλ.

208 2931 237 2971 2.
282 2891 429 2971 Tdrner:
452 2910 507 2972 De
529 2911 694 2973 industria
721 2912 765 2973 A.
796 2911 831 2973 in
853 2910 1029 2973 obsidione
1053 2909 1199 2991 Syracu·

129 3009 236 3056 sarum
264 2995 394 3057 dissert.
452 2993 569 3074 Upsal.
602 3017 691 3076 1752.
721 3020 749 3074 4.
808 2997 1000 3058 Fabricius:
1030 2994 1118 3056 Bibl.
1147 3014 1198 3076 gr.

128 3074 175 3136 IV
196 3099 228 3160 p.
255 3099 410 3157 551—55.
455 3078 580 3142 Torelli
602 3082 636 3142 in
659 3082 738 3144 edit.
763 3103 824 3144 sua
846 3102 878 3163 p.
903 3086 1059 3159 363-70.

210 3186 361 3270 Κοχλίας
381 3188 470 3265 (nos:
494 3187 716 3270 Vandsnegi).
769 3189 845 3251 Hoc
875 3189 1132 3249 instrumentum
1156 3189 1200 3248 ad

131 3310 232 3372 aquas
255 3295 506 3356 exhauriendas
528 3295 740 3375 aptissimum
768 3295 979 3375 (describitur
1001 3315 1022 3356 a
1044 3294 1200 3355 Uitruuio

131 3395 173 3472 X,
196 3401 285 3479 6(11
321 3403 375 3482 ai.)
409 3412 443 3462 et
477 3402 621 3463 Philone
650 3403 700 3464 111
736 3425 767 3486 p.
800 3425 862 3482 330
895 3405 948 3464 ed.
982 3399 1131 3481 Pfeiffer)
1166 3401 1200 3462 in

131 3503 291 3590 Aegypto
325 3509 453 3570 inuenit
485 3508 725 3584 Archimedes
759 3512 817 3572 ubi
851 3520 885 3571 et
917 3512 962 3571 ad
995 3515 1098 3589 agros
1131 3509 1201 3570 irri-

132 3618 259 3692 gandos
292 3615 403 3696 (Diod.
433 3616 458 3689 I,
482 3638 540 3693 34:
575 3621 631 3676 τῶν
664 3619 824 3697 ἀνθρώπων
854 3618 967 3697 ῥαδίως
998 3617 1110 3675 ἃπασαν
1143 3616 1203 3696 (τὴν

130 3719 237 3803 χώραν)
267 3721 445 3802 αοδευόντων
475 3723 523 3781 διαί
551 3745 624 3788 τινος
648 3729 786 3806 μηχανῆς,
816 3725 847 3804 ἣν
870 3723 1006 3803 ἐπενόησε
1030 3723 1083 3802 μὲν
1112 3723 1201 3805 Ἀρχι-

131 3825 216 3908 μήδης
236 3831 253 3887 ὁ
276 3829 460 3909 Συρακόσιος,
484 3830 653 3908 ὀνομάζεται
681 3830 714 3889 δὲ
736 3831 791 3889 ἀπὸ
814 3833 863 3888 τοῦ
886 3830 1036 3912 σχήματος
1049 3831 1201 3912 ικυχλιίις);

134 3933 229 3996 etiam
251 3937 296 3997 ad
325 3956 449 4016 aquam
473 3958 519 3998 ex
544 3937 689 3998 metallis
718 3937 939 3999 hauriendam
963 3945 1127 4016 usurpata
1149 3946 1203 3998 est

135 4038 236 4116 (Diod.
246 4043 288 4119 V,
302 4065 340 4124 37
353 4067 360 4106 :
373 4043 546 4122 ἀπαρύτουσι
557 4044 613 4124 γὰρ
631 4044 683 4108 τὰς
689 4043 789 4124 ῥύσεις
798 4047 854 4102 τῶν
867 4044 979 4102 ὑδάτων
992 4050 1050 4108 τοῖς
1060 4045 1203 4124 Αἷχυπτια-

134 4153 190 4212 κοῖς
214 4151 375 4232 λεγομένοις
402 4153 537 4234 κυχλιάις,
568 4150 619 4214 οὓς
645 4145 817 4232 Ἀρχιμήδης
849 4151 864 4207 ὁ
901 4143 1081 4229 Συρακόσιος
1109 4149 1201 4230 εὗρεν,

964 4271 996 4322 3*
