2714 4570
605 311 661 372 173

96 495 214 578 οἴστρων
240 497 286 556 καλ
317 497 364 555 τὸν
387 495 462 555 ἅλιον
481 495 574 576 μένειν
595 496 731 578 ἀκίνητον,
760 495 809 554 τάν
832 495 865 555 δὲ
888 500 940 573 γᾶν
962 495 1167 576 περιφερέσδαι

96 609 161 688 περὶ
189 607 236 666 τὸν
265 606 340 666 ἅλιον
368 606 442 666 κατά
468 603 569 665 κύκλου
597 603 786 688 περιφέρειαν,
815 604 848 670 ὥς
875 603 949 663 ἐστιν
971 602 1001 664 ἐν
1021 603 1104 686 μέσῳ
1123 607 1169 685 τῷ

96 715 198 796 δρόμῳ
221 715 352 792 κειμένας,
382 711 431 770 τὰν
459 710 492 771 δὲ
514 714 570 770 τῶν
592 710 737 770 ἀπλανέων
759 707 874 790 ἄστρων
896 716 1028 792 σφαζοαν,
1051 711 1113 793 περὶ
1135 711 1168 770 τὸ

96 821 168 882 αὐτὸ
196 822 310 901 κέντρον
338 825 380 900 τῳ
409 821 478 900 ἁλίῳ
505 817 642 899 κειμέναν,
673 823 715 898 τῷ
739 815 859 896 μεγέθει
888 816 1053 878 ταλικαύταν
1082 817 1167 899 εἶμεν,

97 927 175 989 ὥστε
205 930 252 988 τὸν
275 927 383 998 κύκλον,
406 925 472 988 καθ’
495 928 526 988 δν
548 928 607 988 τάν·
620 933 673 1007 γᾶν
697 925 856 987 ὑποτιδέται
878 926 1093 1008 περιφερέσδαι,
1116 949 1168 986 τοι-

97 1033 187 1096 αύταν
216 1033 293 1119 ἔχειν
322 1036 473 1116 ἀναλογίαν
495 1035 556 1094 ποτὶ
578 1034 627 1093 τὰν
650 1035 705 1093 τῶν
728 1033 872 1093 ἀπλανέων
894 1033 1078 1104 ἀποστασίαν,
1109 1033 1169 1092 οἵαν

98 1139 158 1226 ἔχει
171 1143 206 1202 τὸ
222 1141 336 1223 κέντρον
355 1146 408 1208 τᾶς
422 1144 546 1223 σφαίρας
562 1143 623 1202 ποτὶ
640 1142 689 1200 τδιν
709 1140 879 1221 ἐπιφάνειαν.
903 1143 985 1204 τοῦτο
1000 1137 1025 1221 γ’
1044 1137 1168 1223 εὔδηλον,
1212 1151 1241 1206 ὁ,

101 1252 137 1318 ὡς
157 1248 299 1311 ἀδύνατόν
321 1249 404 1309 ἐστιν.
432 1249 491 1310 ἐπεὶ
513 1250 569 1331 γὰρ
591 1250 623 1308 τὸ
646 1254 699 1314 τοῖς
718 1250 846 1331 σφαίρας
865 1248 979 1328 κέντρον
1002 1247 1084 1310 οὐδὲν
1108 1245 1170 1333 ἔχει

98 1357 232 1440 μέγεθος,
267 1355 334 1416 οὐδὲ
366 1357 448 1437 λόγον
483 1353 559 1440 ἔχειν
593 1355 695 1416 οὐδένα
729 1357 790 1415 ποτὶ
825 1356 875 1415 τδιν
916 1354 1080 1438 ἐπιφάνειαν
1120 1361 1173 1423 τᾶς

99 1467 226 1547 σφαίρας
272 1465 443 1525 ὑπολαπτέον
492 1463 570 1524 αὐτό.
621 1463 770 1524 ἐκδεκτέον
821 1463 854 1524 δὲ
902 1465 950 1523 τὸν
992 1461 1169 1548 Ἀρίσταρχον

97 1573 273 1634 διανοείσδαι
305 1572 380 1633 τόδε·
414 1571 509 1654 ἐπειδὴ
538 1573 587 1633 τάν
615 1577 669 1652 γᾶν
698 1571 938 1653 ὑπολαμβάνομες
966 1569 1061 1651 ὥςπερ
1094 1567 1169 1651 εἶμεν

97 1681 128 1740 τὸ
163 1679 280 1760 κέντρον
312 1681 361 1738 τοῦ
394 1679 511 1759 κόσμου,
547 1678 579 1739 δν
611 1677 676 1763 ἔχει
710 1680 792 1759 λόγον
825 1679 844 1736 ἁ
877 1683 915 1757 μᾶ
947 1679 1009 1762 ποτὶ
1041 1679 1089 1739 τὸν
1122 1675 1168 1760 ὑφ’

98 1789 177 1868 ἁμῶν
207 1787 351 1869 εἰρημένον
381 1787 496 1868 κόσμον,
528 1789 626 1848 τοῦτον
653 1785 729 1871 ἔχειν
758 1788 806 1848 τὸν
834 1788 916 1868 λόγον
953 1787 1003 1846 τάν
1036 1792 1169 1868 σφαῖραν,

100 1896 127 1957 ἐν
157 1894 177 1978 ᾇ
205 1895 280 1958 ἐστιν
307 1893 453 1966 ὖκύκλος,
482 1895 548 1955 καθ’
571 1895 602 1956 ὃν
624 1897 674 1956 τάν
696 1901 748 1976 γᾶν
772 1895 933 1955 ὑποτιδέται
954 1893 1169 1976 περιφερέσδαι,

100 2008 160 2096 ποτὶ
182 2005 231 2065 τάν
253 2008 309 2065 τῶν
332 2003 477 2064 ἀπλανέων
499 2000 614 2085 ἄστρων
636 2009 769 2086 σφαῖραν·
793 2003 845 2068 τὰς
864 2002 920 2084 γὰρ
937 2000 1098 2072 ἀποδείξιας
1114 2003 1170 2061 τῶν
1236 2046 1242 2059 .

42 2106 45 2114 ’
103 2115 273 2195 φαινομένων
303 2112 344 2179 ῶς
371 2110 477 2172 τούτων
508 2112 695 2193 ὑποκειμένων
717 2111 874 2194 ἐναρμάζει·
897 2111 943 2169 καὶ
962 2110 1086 2192 μάλιστα
1107 2097 1170 2188 φαι-

106 2220 180 2282 νέται
201 2221 233 2279 τὸ
251 2220 376 2302 μέγεθος
396 2225 449 2286 τᾶς
469 2223 603 2301 σφαίρας,
630 2218 659 2279 ἐν
682 2213 701 2302 ᾇ
722 2223 840 2280 ποιείται
862 2219 912 2278 τάν
934 2221 987 2296 γᾶν
1009 2215 1169 2298 κινοομέναν

109 2328 164 2388 ἴσον
181 2328 360 2389 ὑποτιθέσδαι
382 2332 424 2409 τῷ
446 2326 492 2409 ὑφ’
516 2331 596 2406 ἁμῶν
618 2327 755 2410 εζοημένῳ
778 2327 887 2406 κόσμῳ.
911 2323 1006 2406 φαμὲς
1026 2323 1060 2403 δὴ
1082 2324 1130 2382 καλ
1147 2325 1173 2384 εἶ

185 2627 212 2685 Ι.
237 2645 330 2684 ακιτον
352 2625 386 2682 F.
433 2626 460 2682 2.
484 2621 526 2700 ὃς]
550 2621 592 2687 ῶς
611 2622 647 2679 D.
672 2619 758 2699 ἐστιν]
781 2620 842 2680 ἐστι
863 2621 899 2679 D.
924 2624 952 2683 3.
966 2623 1033 2700 τῶν]
1047 2625 1097 2680 τᾶν
1109 2621 1171 2682 AD.

112 2707 244 2770 ἀπλανέων
278 2728 339 2785 ego,
374 2708 503 2767 ἀπλανῶν
528 2705 604 2766 'cete
657 2709 686 2769 4.
714 2708 828 2766 ταλίκαν
861 2707 894 2779 Β,
929 2705 1099 2786 ταμικάνταν
1132 2706 1169 2769 D.

110 2797 134 2852 5.
154 2791 239 2874 ὥστε]
264 2793 294 2853 ἐν
317 2791 342 2876 ᾧ
364 2793 397 2866 Β,
422 2789 498 2852 ἔστω
517 2791 632 2865 FVAD,
657 2791 688 2856 ἐς
703 2795 744 2852 τῶ
764 2792 795 2864 0,
820 2789 881 2852 ἔστι
896 2790 974 2851 ὥστε
992 2792 1058 2851 Bas.
1102 2787 1168 2850 καθ’

106 2877 133 2938 δν
154 2880 215 2959 τὰν]
239 2878 306 2939 καθ’
331 2877 419 2939 αὑτδιν
441 2878 529 2951 FVD,
553 2875 620 2936 καθ’
643 2877 679 2936 αδ
697 2877 746 2937 τδιν
765 2878 850 2936 ABG.
898 2880 923 2938 6.
945 2876 1089 2936 ἀπλανέων
1107 2895 1168 2951 ege,

103 2964 228 3025 ἀπλανῶν
258 2972 325 3025 cett.
356 2963 427 3043 οἵαν]
458 2962 516 3022 οἷον
545 2963 597 3020 BD
628 2963 663 3036 (B
687 2985 761 3022 corr.
798 2985 885 3022 manu
916 2969 992 3040 post.
1023 2964 1053 3020 in
1085 2961 1169 3040 οἷαν).

102 3053 160 3130 τᾶς]
197 3055 248 3131 τῆς
272 3051 386 3109 ABCD.
445 3052 473 3112 7.
503 3051 587 3110 τοῦτο
620 3044 646 3127 μ’
675 3051 779 3126 scripsi
812 3071 877 3108 cum
911 3049 993 3107 codd.
1028 3048 1169 3118 omnibuS,

101 3138 182 3220 τοῦτο
212 3136 238 3194 δ’
270 3142 338 3195 cett.
391 3138 419 3199 8.
447 3133 507 3194 ἐστι
537 3133 597 3196 ΟΒ.
628 3133 672 3213 τὺ]
704 3155 739 3192 τα
768 3133 857 3194 AOD.
884 3135 946 3210 τοῖς]
977 3135 1028 3212 τῆς
1055 3132 1088 3206 Β,
1119 3133 1171 3193 sed

100 3242 172 3280 corr.
225 3224 274 3283 10.
298 3219 534 3280 αὐτδνΒλίΑΟΙ).
580 3221 629 3280 11.
653 3218 719 3277 τόδε
741 3240 796 3284 om.
821 3218 857 3276 D.
876 3217 935 3278 ἐπεὶ
951 3215 1030 3278 δέΒ
1052 3216 1170 3297 ὑπολαμ·

99 3306 228 3387 βάνορες
255 3325 317 3381 ego,
348 3304 584 3385 ὑπολαμβάνομεν
614 3311 681 3366 cert.
733 3301 826 3385 ὥςπερ
857 3302 931 3384 εἶμεν
954 3323 1016 3378 ego,
1047 3300 1088 3366 ὥς
1108 3303 1172 3383 περὶ

96 3391 149 3471 μὲν
179 3393 279 3471 codd.,
308 3391 376 3450 Bes.
405 3391 451 3465 Β.,
481 3387 574 3470 ὥςπερ
601 3388 655 3472 μὲν
677 3390 753 3460 WT3
783 3391 834 3448 sed
857 3389 929 3466 quid
952 3389 1092 3448 hocloco
1115 3389 1171 3446 eibi

98 3478 170 3537 uelit
197 3475 260 3556 μέν,
294 3497 351 3536 non
378 3477 530 3550 intelleg0;
565 3475 602 3532 de
632 3472 730 3552 ὥσπερ
760 3475 813 3532 cfr.
848 3475 998 3533 Heindorf.
1028 3473 1067 3531 ad
1095 3473 1170 3535 Prae.

101 3562 325 3637 Cratyl.384c.
372 3561 478 3638 12.τδ]
499 3559 546 3618 τδν
564 3560 598 3616 Α.
646 3563 694 3620 14.
719 3557 785 3640 ἐνῇ
809 3561 902 3631 codd„
932 3561 1007 3630 Bae,
1028 3559 1071 3630 R;
1096 3579 1169 3616 corr.

100 3647 146 3706 W.
171 3667 267 3724 recep.
296 3648 329 3705 Τ.
353 3641 440 3730 ,καθ’
464 3644 506 3723 δν]
529 3642 597 3704 καθ’
619 3642 653 3702 οὗ
677 3645 815 3716 FABOD,
845 3645 879 3703 R.
905 3643 1081 3704 ὑποτίθενται
1104 3643 1169 3702 Bae.

101 3734 148 3792 15.
178 3731 335 3810 ἀπλανέων]
367 3732 455 3790 ἁπλῶν
482 3731 564 3803 Bae,
597 3731 729 3805 neglecto
759 3730 931 3807 compendio
961 3730 1090 3804 syllabae
1120 3747 1170 3798 ων,
1229 3795 1234 3814 ⁸

97 3817 229 3876 ἀπλανῶν
251 3817 348 3888 codd.,
372 3817 414 3888 R3
438 3814 582 3874 ἀπλανέων
605 3835 640 3873 ex
664 3817 736 3877 coni.
768 3815 806 3874 W
828 3833 924 3892 recep.
954 3815 987 3875 T.
1032 3813 1089 3894 γάρ
1113 3834 1169 3874 om.

97 3901 205 3960 FABD
218 3902 284 3964 Bes.
304 3902 395 3972 ΒΨ,
419 3902 485 3961 edd.
510 3901 543 3959 T.
567 3898 746 3970 ἀποδείξεως
766 3900 830 3957 Bas,
858 3899 904 3958 F?
929 3902 977 3960 16.
992 3898 1171 3980 ιἰπσκειμενσν

98 3986 150 4044 ΑΟ
170 3988 235 4047 Bae.
255 3987 297 4058 R;
321 3989 445 4046 fortasse
463 3988 550 4044 etiam
567 3985 601 4047 F.
621 3983 662 4049 ὥς
680 3981 787 4044 τούτων
803 3986 915 4061 scripsi,
940 3982 1035 4049 οὕτως
1054 4005 1170 4060 ompes;

99 4073 151 4129 sed
175 4074 230 4132 τῶν
253 4070 426 4152 φαινομένων
445 4071 609 4129 necessario
625 4071 753 4147 perfluet
771 4067 987 4138 αάἀποδείξιας.
1035 4072 1083 4130 18.
1108 4069 1171 4127 ὑπο-

14 4207 15 4218 ,
99 4155 208 4216 τίθεται
228 4157 322 4231 codd.,
346 4157 428 4230 Bas.;
452 4177 525 4215 corr.
549 4154 583 4214 Β.
607 4154 703 4237 φαμές
722 4174 783 4231 ego,
808 4153 901 4236 φαμὲν
925 4162 991 4216 cett.
