2750 4594
647 310 688 366 24

129 493 237 554 tinum
259 511 426 554 conversa
448 503 482 554 et
498 492 750 554 commentariis
773 493 948 554 illustrata.
983 491 1105 554 Venet.
1133 498 1216 570 1558

130 576 186 639 fol.
209 576 253 638 A.
277 579 391 656 opera.
436 575 550 639 Lutet.
569 581 658 639 1626.
687 581 733 638 16.
758 577 831 658 (per
852 578 889 639 F.
902 577 948 639 M.
972 577 1214 658 Mersennurn).

129 662 344 724 Admiranda
360 660 466 723 Arch.
492 672 711 724 monumenta
733 663 846 724 omnia
867 661 1108 724 mathematica
1124 682 1217 742 quae

129 756 275 810 exstant.
320 745 374 808 Ex
397 746 582 808 traditione
614 746 668 808 Fr.
692 747 891 828 Maurolyci.
944 746 1105 808 Panormi
1132 751 1215 824 1685

135 832 190 894 fol.
215 832 270 911 (de
300 851 342 892 ea
364 851 395 893 u.
417 832 575 892 Kastner
603 830 636 891 Π
658 851 691 911 p.
711 835 761 908 64.
811 830 956 893 Brunet:
979 831 1120 893 Manuel
1141 831 1158 892 I
1179 852 1213 912 p.

130 922 170 996 38
175 918 213 997 5).
260 914 377 995 Opera
400 915 634 988 Archimedis,
664 915 837 996 Apollonii
860 915 996 997 Pergaei
1019 916 1215 978 conicorum

127 1003 218 1074 libri,
252 1001 437 1062 Theodosii
463 1000 632 1081 sphaerica
661 1001 823 1063 methodo
856 1021 947 1063 novo
980 1001 1145 1062 illustrata
1178 1011 1216 1062 et

129 1090 295 1150 demonst.
325 1105 387 1167 per
409 1086 452 1147 Is
476 1084 626 1147 Barrow.
679 1085 821 1147 Londin.
849 1089 938 1164 1675.
963 1108 992 1162 4.
1038 1082 1212 1147 Germa-

128 1172 275 1234 nicae:
310 1170 383 1232 Des
415 1169 751 1251 unvergleichlichen
783 1169 1000 1232 Archimedis
1032 1169 1215 1232 Kunstbii-

128 1259 211 1320 cher
231 1257 343 1317 iibers.
366 1276 397 1317 u.
422 1255 479 1316 erl.
509 1275 539 1316 v.
571 1255 598 1334 J.
629 1253 706 1316 Chr.
737 1253 860 1316 Sturm.
912 1254 1097 1336 Niirnberg
1131 1260 1236 1334 1670‘

128 1341 183 1404 fol.
228 1340 290 1401 A's
312 1341 476 1402 vorhand.
500 1338 633 1402 Werke
656 1341 767 1401 iibers
792 1361 824 1401 u.
848 1340 930 1401 erkl.
955 1359 1022 1401 von
1044 1339 1081 1401 E.
1098 1339 1211 1402 Nizze.

129 1426 316 1491 Stralsund.
345 1429 434 1501 1824.
466 1447 494 1501 4.
547 1422 730 1487 Gallica:
755 1422 909 1486 Oeuvres
933 1424 1009 1487 d'A.
1040 1425 1125 1486 trad.
1158 1425 1214 1486 lit-

128 1513 259 1574 teralm.
284 1529 369 1572 avec
399 1529 445 1571 un
469 1529 587 1573 comm.
611 1528 674 1590 par
695 1508 733 1570 F.
757 1509 920 1590 Peyrard.
976 1508 1083 1570 Paris.
1119 1512 1211 1588 1807.

130 1621 149 1675 4
172 1606 208 1659 et
229 1594 310 1656 ibid.
338 1599 427 1656 1808.
451 1598 470 1655 8
494 1593 522 1672 (2
548 1594 646 1674 noli).

215 1695 512 1760 Geometricorum
547 1695 750 1775 scriptorum
788 1695 1026 1776 compendium
1060 1693 1215 1756 Arabice

129 1782 264 1864 scripsit
285 1780 454 1842 Albatani
476 1778 653 1858 (Wenrich
675 1801 707 1860 p.
736 1801 803 1858 195.
827 1778 935 1841 Casiri
957 1779 973 1840 Ι
995 1800 1027 1860 p.
1052 1781 1135 1860 384).

214 1907 325 1970 Uenio
355 1924 444 1967 nunc
468 1905 512 1966 ad
540 1925 596 1978 ea,
627 1926 715 1986 quae
739 1905 958 1968 Archimedis
980 1924 1103 1968 nomen
1126 1924 1213 1985 prae

129 2016 310 2088 seierum,
334 2015 396 2079 sed
418 2024 528 2076 utrum
551 2014 624 2076 iure
647 2015 681 2075 id
704 2013 764 2075 fiat
786 2033 830 2074 an
853 2012 986 2086 iniuria,
1011 2012 1212 2094 ambigitur;

129 2142 271 2206 quorum
293 2123 438 2204 primum
462 2140 704 2184 commemoro:

214 2248 448 2310 Lemmata:
477 2246 542 2307 hoc
572 2245 707 2307 nomine
744 2242 953 2326 significatur
989 2242 1075 2304 liber
1105 2263 1124 2304 e
1155 2264 1213 2305 co-

129 2359 203 2420 dice
215 2354 367 2417 Arabico
382 2352 503 2414 Latine
526 2371 708 2413 conuersus
725 2353 760 2432 1),
784 2351 842 2433 qui
864 2349 937 2412 XV
959 2349 1208 2431 propositiones

126 2462 336 2548 geometriae
360 2460 493 2542 planae,
524 2478 613 2538 quae
641 2469 791 2531 uocatur,
823 2457 981 2520 continet.
1033 2456 1120 2518 Eum
1142 2457 1211 2520 hac

129 2568 250 2630 saltem
263 2563 377 2646 specie
390 2587 430 2628 ac
442 2565 560 2639 forma,
583 2585 652 2645 qua
662 2585 751 2627 nunc
773 2565 949 2635 habemus
973 2564 1017 2624 ab
1029 2562 1210 2626 Archime-

129 2674 180 2736 dis
202 2693 305 2735 manu
326 2672 516 2754 profectum
544 2692 621 2734 esse
643 2692 711 2734 non
733 2691 849 2752 posse,
880 2670 959 2732 inde
990 2670 1209 2752 intellegitur,

128 2783 220 2862 quod
258 2779 474 2842 Archimedis
516 2797 640 2840 nomen
677 2778 799 2856 citatur
838 2778 944 2859 (prop.
986 2777 1054 2850 1V;
1095 2779 1208 2860 XIV).

127 2888 228 2968 Prop.
259 2887 275 2948 Ι
305 2887 436 2968 plenius
465 2885 622 2967 exposita
652 2894 705 2947 est
731 2905 752 2945 a
779 2884 901 2966 Pappo
930 2883 1007 2957 VII,
1042 2905 1078 2962 15
1108 2885 1151 2964 (ΙΙ
1173 2906 1209 2966 p.

129 2997 217 3076 84o);
249 2991 308 3056 cfr.
330 2992 399 3066 IV,
434 2997 470 3054 16
494 2991 520 3071 (Ι
542 3013 574 3072 p.
600 2993 689 3073 214);
724 3010 820 3072 prop.
854 2990 929 3052 Hae
964 2992 1210 3054 demonstratio

128 3121 248 3183 parurn
280 3109 361 3181 apta
384 3109 450 3172 est;
485 3100 587 3160 aliam
620 3098 793 3160 substituit
815 3097 996 3171 Torellius;
1027 3118 1122 3180 prop.
1157 3097 1209 3160 111

52 3245 53 3252 .
128 3211 299 3271 inuersam
322 3208 468 3288 quodam
491 3207 593 3266 modo
616 3206 721 3267 habet
743 3203 961 3268 Ptolemaeus
984 3225 1059 3264 συντ.
1082 3206 1107 3279 I,
1131 3228 1150 3283 9
1173 3226 1206 3286 p.

129 3339 165 3395 31
194 3315 257 3394 (ed.
281 3313 434 3394 Halma);
468 3332 564 3393 prop.
600 3333 634 3372 12
666 3312 803 3375 citatur:
836 3321 954 3373 noster
976 3319 1140 3374 tractatus
1163 3314 1207 3374 de

128 3423 246 3506 figuris
279 3418 534 3503 quadrilateris;
572 3421 634 3480 sed
670 3419 774 3480 talem
807 3418 929 3480 librum
962 3415 1207 3482 Archimedem

129 3531 303 3611 scripsisse
337 3548 359 3589 a
390 3527 482 3589 nullo
511 3526 673 3588 traditum
703 3535 764 3588 est.
820 3525 916 3588 Idem
949 3526 1131 3588 dicendum
1164 3529 1211 3589 de

127 3638 214 3700 libro
237 3638 492 3720 elementorum,
523 3632 581 3713 qui
603 3633 726 3694 citatur
748 3652 842 3713 prop.
870 3653 916 3709 15.
972 3632 1093 3714 Itaque
1114 3642 1208 3714 puto,

127 3747 215 3806 haec
253 3745 415 3806 lemmata
455 3761 475 3802 e
513 3741 658 3820 plurium
698 3725 1015 3821 mathematicorum
1047 3740 1215 3828 operibus

129 3867 205 3908 esse
228 3855 401 3927 excerpta,
425 3866 535 3927 neque
559 3845 690 3908 definiri
719 3847 787 3907 iarn
815 3853 945 3924 potest,
976 3855 1139 3926 quantum
1161 3869 1209 3910 ex

129 3954 169 4015 iis
205 3953 406 4015 Archimedi
439 3941 657 4016 tribuendum
691 3952 742 4014 sit.
804 3951 881 4014 Hoc
913 3962 1029 4015 tamen
1062 3957 1208 4020 fortasse

128 4069 278 4122 statuere
299 4061 388 4134 licet,
410 4059 656 4122 Archimedem
679 4061 722 4120 de
744 4057 872 4140 figuris,
903 4079 987 4140 quas
1010 4062 1151 4122 arbelon
1173 4069 1210 4121 et

130 4167 261 4229 salinon
284 4165 512 4248 adpellauisse
535 4165 656 4228 dicitur
673 4169 717 4247 2),
736 4184 920 4245 earumque
943 4167 1210 4247 proprietatibus
