2750 4594
674 230 733 290 106

163 427 390 510 Maurolyeus,
414 430 535 492 iisdem
557 432 766 511 temporibus
785 433 820 494 in
843 432 1060 496 Archimedis
1082 433 1250 526 operibus

165 536 341 598 uertendis
368 546 403 598 et
426 539 639 618 explicandis
661 549 854 620 occupatus,
876 541 1038 602 nonnulla
1060 559 1137 602 curn
1149 539 1253 602 Com·

53 683 56 690 ·
165 643 328 705 mandino
355 645 616 707 communicauit
643 647 673 727 8)
680 667 687 719 ;
717 647 778 707 sed
807 647 1043 727 interpretatio
1066 649 1139 710 eius
1162 648 1251 709 mul·

165 750 208 811 tis
240 753 377 812 demum
404 752 501 814 annis
528 761 606 835 post
633 753 758 845 prodiit
787 753 957 832 (Panormi
984 753 1160 832 1085f01.;
1186 753 1250 816 cfr.

165 877 198 938 p.
218 861 279 940 τι),
293 879 413 920 uerum
435 859 524 922 inde.
537 860 618 921 nihil
640 860 757 921 auxilii
779 858 940 933 adfertur,
963 870 1001 921 ut
1023 879 1111 939 quae
1134 860 1254 922 uerius

165 965 362 1027 retractatio
407 975 442 1028 et
475 967 674 1047 explicatio,
716 986 818 1046 quarn
858 967 1094 1048 interpretatio
1140 968 1252 1029 nomi·

165 1073 281 1134 nanda
315 1073 367 1134 sit.

240 1197 281 1263 '6.
327 1199 553 1266 Commentar.
576 1203 633 1266 fol.
657 1213 730 1281 42¹1:
761 1205 829 1265 »ita
854 1204 981 1285 legitur
1007 1204 1041 1265 in
1068 1204 1252 1267 codicibus

167 1287 332 1360 omnibus,
355 1306 440 1366 quos
462 1287 566 1350 vidi«:
590 1287 736 1368 fot4711:
760 1298 817 1350 »ut
839 1289 944 1360 etiam
963 1289 1093 1350 habent
1116 1289 1252 1369 antiqui

166 1371 332 1433 codices«.
394 1372 568 1434 Interdum
589 1383 879 1449 commemoratur
913 1374 1046 1435 »codex
1092 1371 1250 1436 Graecus

166 1455 381 1535 impressus«,
395 1456 517 1536 quibus
536 1458 650 1520 uerbis
673 1457 883 1538 significatur
898 1458 1003 1520 editio
1025 1457 1248 1532 Basileensis‚

164 1541 258 1601 uelut
280 1539 335 1603 fol.
364 1545 415 1603 18:
441 1542 495 1602 »in
517 1543 634 1604 codice
652 1562 779 1623 graeco
796 1543 960 1622 impresso
983 1544 1090 1604 multa
1112 1543 1248 1606 deside-

154 1633 291 1699 rantur,
314 1635 351 1688 ut
373 1627 421 1689 ita
443 1627 545 1689 scribi
567 1636 737 1708 oporteat:
766 1628 890 1686 πάλιν
866 1624 915 1686 οὖν
938 1627 999 1686 ἐντι
1015 1649 1088 1692 τινες
1116 1629 1250 1731 manual

167 1731 210 1788 τῳ
234 1710 287 1790 ἴσῳ
310 1712 464 1770 ἀλλάλαν
455 1733 525 1815 υπερ
527 1713 646 1816 ἔχουσαι
668 1713 723 1770 ἀπὸ
746 1715 796 1770 ταῦ
826 1713 846 1770 d
868 1713 930 1770 ποτὶ
952 1713 1003 1770 τὰν
1026 1709 1103 1770 ελικα
1126 1720 1251 1771 ποτιπεπ-

167 1815 274 1863 τουσαι,
298 1792 338 1853 ὧν
360 1795 421 1854 ἐστι
439 1798 562 1875 μεγίστα
582 1796 635 1876 μὲν
658 1797 677 1854 ἁ
700 1796 750 1866 δα,
773 1795 913 1878 ἐλαχίστα
935 1796 1007 1855 δὲ
991 1819 1010 1854 α
1033 1797 1078 1868 δε,
1101 1799 1156 1854 καί
1172 1795 1250 1856 ἐστιν

148 1881 150 1887 ”
164 1883 333 1960 αριστα
345 1879 392 1937 ισα
404 1902 440 1938 τα
448 1881 620 1964 ὑπερσχᾷ
606 1880 708 1940 νιδε
719 1904 766 1939 και
758 1879 857 1940 ullae
869 1903 997 1960 γραρραι
990 1881 1069 1938 ἀπὸ
1089 1881 1251 1940 cofiteor}

154 1957 253 2020 Ιτὰν
236 1985 285 2020 τιν)
270 1965 366 2044 αζῳι
385 1961 485 2022 κύκλου
502 1987 607 2071 περιῳε
605 1987 684 2024 αειαν
705 1966 920 2038 πατιπίπταυσαι
938 1988 980 2042 τῳ
998 1965 1051 2041 μὲν
1070 1964 1162 2043 nitida
1162 1991 1172 2022 ι
1192 1965 1251 2024 ἴσαι

166 2045 289 2118 ταύταις,
302 2070 345 2105 τω
330 2048 391 2106 δε
400 2048 545 2126 μεγεδει
532 2071 642 2110 καστα
654 2072 701 2109 ισα
714 2073 750 2108 τα
735 2051 920 2130 percara«
935 2049 983 2110 lta
994 2048 1067 2110 fere
1080 2047 1251 2111 Torellius

165 2150 198 2210 p.
228 2151 314 2208 245‚7
340 2150 388 2212 sq
420 2132 495 2212 (om.
528 2135 600 2216 αζῳ,
633 2135 710 2196 add.
739 2155 812 2198 τινες
832 2142 913 2194 ante
935 2135 1071 2212 γραμμαί
1094 2132 1152 2195 lin.
1181 2135 1250 2214 16);

167 2238 208 2273 ιαν
235 2215 295 2275 ἐστι
319 2219 499 2295 ρεγίστα..
511 2220 757 2278 ,ποτιπίπτσυσαι
782 2237 846 2279 om
878 2219 931 2280 ed.
962 2218 1065 2280 Basil.
1093 2238 1126 2298 p.
1151 2223 1203 2295 98,
1210 2251 1250 2292 ις,

166 2300 283 2362 addito
306 2302 529 2382 corruptionis
552 2304 651 2384 signo
674 2303 761 2364 inter
784 2302 835 2380 ἴσῳ
859 2313 894 2365 et
917 2303 1055 2376 clidium
1084 2312 1122 2364 ut
1150 2302 1252 2365 Com·

167 2385 355 2460 mandinus,
390 2387 524 2449 codices
557 2388 664 2450 nostri
701 2388 790 2466 (nam
820 2389 916 2468 Ιιιραδ
959 2351 1144 2448 Torellium
1187 2389 1253 2467 αζηι

167 2471 277 2532 omitti
300 2481 334 2532 et
357 2493 430 2537 τινες
456 2473 536 2534 addi
559 2473 594 2533 in
616 2473 690 2534 cod.
716 2471 850 2534 Ueneto
872 2471 959 2533 falso
982 2472 1071 2532 tradi
1093 2473 1190 2552 puto)
1213 2481 1253 2532 et

167 2554 304 2635 interpr.
328 2577 361 2637 p.
389 2578 461 2636 117;
485 2556 541 2618 fol.
570 2565 643 2636 47¹¹:
674 2556 752 2618 »ubi
775 2565 888 2617 autern
911 2556 945 2616 in
970 2574 1099 2638 graeco
1126 2557 1252 2618 codice

86 2647 88 2650 ’
167 2639 334 2720 impresso
356 2641 481 2722 legitur
503 2641 628 2701 δεικτέον
651 2642 693 2716 δέ,
721 2641 937 2702 scribendum
968 2640 1111 2698 δέδεικται
1133 2641 1170 2698 δέ
1175 2689 1184 2718 ,
1212 2650 1254 2702 ut

169 2724 271 2785 etiam
293 2726 423 2800 habent
450 2726 578 2806 antiqui
606 2727 781 2797 codices«;
806 2724 950 2785 δέδεικται
974 2724 1010 2782 δέ
1029 2724 1199 2786 Torellius
1221 2745 1247 2804 p

169 2829 240 2885 295,
247 2844 284 2883 ιι,
308 2810 380 2871 sine
404 2811 507 2872 dubio
530 2831 575 2872 ex
598 2811 671 2872 cod.
696 2810 848 2882 Ueneto;
870 2809 920 2871 sic
943 2810 1034 2871 enim
1057 2810 1156 2870 codd.
1171 2809 1253 2871 Flo-

166 2904 250 2955 rent.
274 2905 309 2956 et
320 2894 436 3036 3Paris.
459 2905 529 2957 tres
552 2896 697 2967 habent,
727 2895 831 2956 etiarn
859 2893 1094 2974 interpretatio
1123 2913 1156 2973 p.
1191 2898 1250 2966 86;

169 2977 338 3038 δεικτέσνδ
338 2978 433 3040 §.ed
464 2979 565 3042 Basil
593 3000 625 3060 p
656 2999 706 3058 70
710 3013 750 3049 σε
807 2977 878 3040 Sed
900 2981 1022 3040 eadem
1049 2978 1107 3039 illa
1138 2979 1250 3040 editio

166 3061 337 3124 interdum
360 3064 463 3125 etiam
487 3066 618 3126 »c0dex
630 3062 802 3126 Graecus«
827 3063 994 3143 adpellari
1014 3062 1167 3123 uidetur:
1192 3061 1251 3123 fol.

173 3168 224 3223 ι9;
250 3148 429 3209 »addenda
451 3159 529 3210 sunt
543 3148 653 3211 haec
646 3169 681 3209 m
702 3168 829 3229 graeco
852 3148 983 3208 codice:
1008 3144 1085 3205 ἔστω
1110 3143 1219 3220 ἕλιξ,’
1204 3147 1254 3224 τιν’

171 3229 207 3295 ἇς
226 3233 245 3289 ά
267 3233 363 3308 αβγδε
385 3232 414 3292 ἐν
437 3239 474 3314 τᾷ
497 3233 618 3314 δευτέρῳ
641 3239 785 3312 περιφορᾷ
806 3231 1024 3311 γεγραμμένη<<;
1047 3232 1134 3292 haec
1157 3231 1258 3292 omit-

167 3315 210 3378 tit
233 3317 285 3378 ed.
309 3317 412 3379 Basil.
436 3339 467 3398 p.
502 3341 542 3396 99
578 3318 689 3399 [82]„
683 3340 689 3352 ·
724 3319 854 3378 habent
883 3317 1020 3378 codices
1054 3335 1173 3377 omnes
1208 3315 1254 3395 (p‘.

171 3405 243 3478 246,
251 3403 272 3481 )
307 3411 342 3463 et
375 3403 511 3484 interpr.
546 3403 754 3465 Basileensis
787 3423 820 3483 p.
859 3406 934 3474 118;
970 3401 1050 3462 ibid.
1080 3409 1179 3480 »post
1213 3420 1259 3462 ea

169 3487 279 3548 verba
298 3510 394 3569 χωρις
414 3491 464 3546 τοῦ
487 3488 542 3546 ἀπὸ
565 3511 618 3553 τας
638 3487 794 3570 ἐλαχίστας
815 3497 849 3547 et
871 3487 958 3547 haec
981 3485 1141 3546 addenda
1160 3495 1257 3546 sunt:

172 3574 198 3629 αἱ
226 3570 286 3649 ἄρα
314 3594 383 3652 ταρ-
369 3571 417 3636 εἐς
443 3573 471 3630 αἱ
498 3572 554 3630 ἀπα
583 3577 633 3630 τᾶν
663 3571 724 3630 ἴσαν
752 3577 789 3652 τᾷ
809 3574 934 3650 μεγιστῳ
968 3571 1029 3628 ποτὶ
1058 3591 1124 3633 τους
1150 3568 1262 3648 ταμέας

172 3655 240 3720 τοὺς
260 3655 315 3713 ἀπὸ
337 3661 387 3715 τᾶν
412 3679 453 3734 τῳ
477 3655 529 3736 ἴσῳ
553 3657 708 3715 ἀλλάλαν’
699 3660 897 3738 υπερεχανσᾶν
922 3655 1016 3736 χωρὶς
1045 3657 1094 3712 τοῦ
1124 3653 1181 3710 ἀπὸ
1205 3658 1261 3718 τᾶς

172 3739 360 3822 ἐλαχίσταςτ;
394 3742 481 3803 haec
513 3743 621 3803 uerba
654 3760 719 3802 orn.
754 3742 806 3802 ed.
841 3739 944 3800 Basil.
979 3759 1012 3819 p.
1047 3759 1087 3815 99
1123 3737 1255 3818 [82]‚.1;

172 3825 302 3886 habent
324 3827 421 3888 codd.
453 3846 571 3888 omnes
601 3846 633 3924 p.
673 3830 733 3902 246
768 3834 865 3895 extr,
900 3833 935 3885 et
957 3823 1093 3903 interpr.
1117 3841 1151 3902 p
1179 3843 1254 3899 119:

173 3909 236 3970 sed
258 3909 371 3989 potius
392 3930 439 3972 ex
462 3911 559 3972 codd
583 3911 631 3972 sic
654 3911 871 3971 scribendum
894 3918 961 3970 est.
985 3930 1032 3966 και
1059 3907 1113 3964 α’πδ
1137 3911 1189 3965 τᾶν
1211 3927 1256 3986 τῳ

174 4015 226 4072 ισῳ
249 3994 410 4052 ἀλλάλαν’
401 4019 452 4053 una
438 4017 471 4075 ερ
473 4001 607 4077 εχαινσᾶν·
638 3996 693 4054 ἀπὸ
722 3994 755 4054 δὲ
784 3999 838 4058 τᾶς
865 3993 1020 4075 ἐλαχίστας
1048 3991 1100 4050 ουκ
1128 3967 1254 4069 ἀναγρᾶ-

174 4097 269 4155 φεται·
291 4079 319 4135 οἱ
339 4078 398 4159 ἄρα
421 4100 490 4158 τεορ
475 4078 573 4143 ’..ες
586 4079 672 4138 ,ἀπὸ
695 4085 746 4137 τᾶν
769 4102 812 4158 τῳ
835 4077 888 4156 ἴσῳ
911 4076 1065 4135 ἀλλάλαν
1056 4080 1254 4156 υπερεχαυσᾶν

172 4164 268 4246 χωρὶς
293 4162 342 4222 τοῦ
370 4164 427 4222 ἀπὸ
456 4169 510 4226 τᾶς
533 4162 691 4246 ἐλαχίστας
716 4163 863 4244 (interpr.
894 4181 936 4223 »a
965 4159 1104 4222 minima
1136 4167 1253 4222 autem
