2750 4594
672 341 710 399 37

149 547 231 606 107:
255 527 303 584 καλ
325 533 361 606 τῇ
383 525 548 606 τρισπάστῳ
576 531 693 608 μηχανῇ
800 520 1097 602 πεντεμυριομέδιμνον
1126 519 1239 578 καθείλ-

145 655 236 694 κυσεν
259 633 392 709 ὁλκάδα),
415 632 605 712 πολυσπάστιρ
628 651 710 692 usus
723 640 783 692 est.
813 630 848 691 Is
860 629 950 690 enim
964 627 1070 689 Mare.
1088 648 1141 703 14:
1171 626 1239 685 θου-

147 741 308 821 μάσοντος
328 740 379 810 δὲ,
410 739 533 820 inquit,
565 739 615 797 τοῦ
633 735 770 817 Ἱέρωνος
794 737 885 818 (quia
912 734 1138 798 Archimedes
1165 735 1240 795 dix·

146 849 251 922 isset,
286 867 323 909 se
359 856 485 909 terram
518 847 593 908 loco
626 864 765 906 mouere
796 863 912 926 posse,
945 863 977 906 u.
1005 847 1081 924 p.'8
1110 850 1178 904 not.
1208 842 1239 922 6)

146 956 198 1014 καλ
229 955 386 1035 δεηθέντος
413 955 454 1019 είς
482 950 568 1032 ἔργον
596 951 746 1031 ἐξαγαγεῖν
774 952 808 1010 τὸ
836 952 989 1032 πρόβλημα
1017 952 1064 1009 κοιλ
1096 949 1192 1018 δεῖξαί
1216 971 1241 1008 τι

146 1065 206 1121 τῶν
227 1061 363 1140 μεγάλων
391 1059 552 1138 κινούμενον
581 1060 634 1119 ὑπὸ
664 1064 787 1140 σμικρᾶς
814 1058 978 1138 δυνάμεως,
1009 1049 1120 1116 ὁλκάδά
1146 1057 1240 1137 τριάρ-

146 1189 238 1250 μενον
261 1171 318 1226 τῶν
345 1168 500 1244 βασιλικῶν
529 1169 605 1246 πόνῳ
633 1168 752 1247 μεγάλῳ
783 1166 830 1224 καὶ
855 1167 932 1248 χειρλ
959 1167 1046 1246 πολλῇ
1075 1163 1240 1244 νεωλκηθεῖ-

150 1295 217 1340 σαν,
242 1274 379 1355 ἐμβολὼν
412 1273 583 1353 ἀνθρώπους
610 1293 642 1332 τε
677 1272 794 1336 πολλοὺς
822 1271 869 1330 καλ
903 1272 951 1330 τὸν
985 1271 1094 1353 συνήθη
1123 1272 1240 1351 μύρτον,

153 1381 244 1446 αὐτὸς
265 1379 384 1440 ἄπωθεν
406 1379 572 1461 καθήμενος
591 1379 624 1438 οὐ
645 1379 721 1459 μετὰ
743 1379 875 1458 σπουδῆς,
899 1378 968 1437 ἀλλὰ
996 1379 1089 1460 η’ρέμα
1112 1381 1146 1458 τῇ
1164 1378 1241 1461 χειρλ
1285 1445 1292 1452 ,

153 1491 241 1548 σείων
264 1488 357 1570 ἀρχήν
387 1508 447 1547 τινα
469 1488 713 1546 πολυσπάστου
742 1486 943 1567 προσηγάγετο
972 1488 1030 1544 κτλ.
1081 1483 1242 1566 Adparet

154 1594 257 1668 enim,
280 1594 500 1656 Plutarchum
522 1597 566 1656 de
582 1595 704 1656 eadem
725 1613 763 1655 re
785 1593 886 1674 loqui,
911 1611 1116 1674 quamquam
1139 1593 1240 1673 paulo

153 1703 256 1764 aliter
277 1681 394 1763 herrat
415 1702 541 1764 factam
565 1721 650 1764 esse.
684 1701 728 1763 Et
749 1721 786 1762 re
808 1721 891 1763 uera
912 1701 1001 1764 inter
1021 1699 1241 1762 Archimedis

150 1811 296 1872 inuenta
325 1808 471 1871 refertur
500 1818 534 1870 et
563 1808 762 1874 πολύσπαοτος
789 1809 821 1886 (a
850 1806 982 1871 Galeno
1010 1808 1044 1868 in
1074 1807 1238 1888 Hippocr.

150 1917 208 1978 De
239 1917 333 1978 artic.
364 1915 424 1989 IV,
456 1936 494 1995 47
520 1941 558 1969 ι-
582 1915 706 1978 XVIH
738 1937 770 1996 p.
802 1915 860 1996 74'7
893 1916 1087 1995 ed.Ki'1hn)
1122 1923 1157 1976 et
1185 1917 1239 1995 τρί-

151 2043 298 2096 σπαστος;
322 2021 499 2086 Oribasius
516 2021 767 2098 C011.med.1L,
789 2045 826 2085 22
841 2023 902 2103 (IV
914 2043 946 2105 p.
963 2044 1023 2103 407
1049 2024 1101 2084 ed.
1114 2022 1238 2083 Busse-

150 2130 286 2212 maker)
326 2129 501 2194 Ἀπελλιδους
537 2127 554 2209 ή
588 2130 818 2213 Ἀρχιμήδους
856 2131 1027 2208 τρίσποστον
1063 2131 1237 2193 inuentum

153 2255 232 2300 esse
257 2236 340 2299 dic'it
361 2238 433 2317 πρὸς
460 2235 514 2302 τὰς
533 2240 590 2296 τῶν
619 2239 720 2296 πλοίων
748 2238 903 2303 καθολκάς.
952 2237 1166 2300 Describitur
1193 2238 1237 2298 ab

154 2343 317 2407 Oribasio
347 2346 367 2406 l.
400 2345 419 2406 l.
449 2365 481 2426 p.
514 2365 661 2424 407-15
693 2344 743 2428 (τε
773 2343 974 2409 Schneideri
995 2345 1113 2426 Eclog.
1142 2344 1175 2405 II
1203 2363 1236 2424 p.

152 2456 217 2530 308
243 2453 305 2532 sq.)
329 2459 363 2512 et
391 2451 548 2514 Uitruuio
571 2451 623 2520 X.
654 2474 682 2514 2.
733 2453 795 2514 Est
823 2452 980 2515 machina
1009 2452 1170 2514 tractoria
1191 2472 1238 2512 ex

154 2559 291 2621 duabus
312 2559 472 2621 trochleis
494 2560 698 2639 composita,
730 2579 873 2640 quarum
903 2559 1057 2641 superior
1079 2561 1163 2620 duos
1186 2577 1237 2620 or·

151 2665 296 2728 biculos.
319 2665 458 2728 inferior
480 2676 594 2732 autem
610 2687 713 2728 unum
729 2667 897 2739 continet';
920 2667 1101 2746 trispasrus
1121 2666 1237 2747 appel-

150 2775 252 2846 latur,
275 2773 331 2835 uel
353 2774 444 2852 quod
466 2791 530 2853 per
550 2783 621 2835 tres
651 2773 820 2836 orbiculos
847 2774 993 2837 uoluitur
1022 2772 1164 2852 (Uitruu.
1188 2771 1236 2846 X,

154 2902 184 2954 2,
209 2883 254 2957 3),
276 2881 333 2941 uel
355 2881 447 2961 quod
467 2889 537 2942 tres
570 2891 775 2962 usurpantur
804 2880 902 2943 funes
933 2879 1077 2961 (Oribas.
1100 2900 1132 2960 p.
1157 2901 1236 2957 413:

152 2987 203 3046 διὰ
235 2987 292 3068 γὰρ
323 2985 393 3045 αὐτὸ
421 2990 505 3047 τοῦτο
532 2989 590 3047 καλ
607 2990 777 3069 τρισποιστον
807 2986 1027 3070 προσηγορεύθη
1049 2988 1082 3046 τὸ
1105 2985 1237 3068 ὄργανον,

59 3093 65 3108 ‘
152 3093 199 3153 δτι
222 3099 300 3173 τρεῖς
319 3095 386 3152 εἰσιν
409 3095 437 3152 οἱ
456 3093 642 3176 ἐνεργοῦντες
661 3096 762 3177 κάλοι).
795 3096 895 3159 Hanc
918 3095 1111 3158 machinam
1133 3093 1236 3155 etiam

146 3189 334 3284 χαριστίωνοι
361 3202 476 3262 uocari
503 3203 583 3263 inde
614 3203 754 3285 colligo,
789 3205 880 3284 quod
910 3202 1050 3265 Tzetzes
1078 3201 1162 3264 Chil.
1192 3199 1235 3274 Π,

160 3327 223 3384 130
244 3325 366 3369 uocem
388 3309 478 3370 illam
501 3305 719 3372 Archimedis
741 3311 789 3373 sio
811 3309 932 3372 refert:
956 3315 995 3368 πᾶ
1016 3309 1064 3386 βω
1087 3309 1134 3368 κολ
1153 3330 1236 3391 χαρι-

155 3415 255 3473 στίωνι
284 3415 334 3474 τὰν
364 3420 417 3492 γᾶν
445 3417 550 3498 κινήσω
579 3422 687 3488 πᾶσαν,
719 3417 801 3481 Chii.
830 3417 894 3490 ΠΙ,
926 3423 962 3479 61
995 3425 1109 3478 autem
1131 3415 1196 3478 sic:
1219 3417 1235 3473 ὁ

151 3525 207 3601 γῆν
229 3521 364 3582 ἀνασπῶν
384 3526 500 3606 μηχανῇ
521 3527 556 3604 τῇ
577 3525 744 3605 τρισπάστῳ
764 3525 861 3601 stator:
884 3525 941 3583 λίποι
962 3525 1010 3601 fio
1032 3525 1079 3582 καλ
1101 3521 1234 3582 σαλεὺσω

155 3627 207 3707 τὴν
238 3628 334 3710 χθόνα
368 3627 568 3710 (πολυσπάστῳ
602 3629 715 3694 dicere
756 3633 899 3713 debuit);
940 3630 999 3694 cfr.
1040 3629 1233 3711 Simplicius

154 3733 283 3797 Comm.
315 3736 349 3796 in
376 3735 518 3799 Aristot.
548 3737 653 3818 Phys
684 3738 719 3798 in
753 3736 953 3801 Schneideri
982 3738 1099 3818 Eclog.
1137 3737 1170 3798 11
1199 3758 1232 3818 p.

155 3846 234 3904 286:
263 3840 351 3924 ταθτη
382 3843 415 3903 δὲ
445 3848 480 3924 τῇ
507 3845 645 3926 ἀναλογίᾳ
675 3847 725 3903 τοῦ
752 3848 893 3910 κινοῦντος
919 3846 965 3904 καλ
994 3848 1044 3904 τοῦ
1073 3844 1234 3925 κινουμένου

154 3949 203 4008 καλ
231 3952 281 4008 τοῦ
303 3949 496 4030 διαστήματος
518 3952 550 4010 τὸ
573 3951 730 4031 σταθμικδν
759 3948 883 4032 ὄργανον
912 3951 959 4011 τὸν
982 3951 1153 4032 καλούμενον
1178 3975 1234 4035 χα·

152 4057 290 4136 ριστίωνο
319 4058 466 4137 συστήσας
491 4059 507 4116 δ
537 4057 712 4140 Ἀρχιμήδης,
742 4057 784 4124 ὡς
806 4058 893 4141 μέχρι
922 4059 1027 4122 παντὸς
1057 4063 1109 4140 τῆς
1135 4059 1233 4118 ἀναλο-
1355 4085 1358 4090 >

153 4165 218 4242 γίοις
231 4161 447 4244 προχωρούσης,
472 4163 633 4245 ἐκάρπωσεν
652 4163 744 4224 ἐκεῖνο
763 4166 796 4224 τὸ
818 4169 858 4223 πᾶ
868 4166 916 4239 βῶ
938 4166 986 4223 καλ
1007 4169 1075 4224 κινῶ
1097 4165 1148 4223 τὰν
1169 4169 1232 4242 γᾶν.
