2670 4588
520 1325 783 1420 Praelatio.

600 1541 702 1548 μ-ου--αι

201 1605 561 1731 Mathematicorum
583 1665 791 1740 Graecorum
820 1668 978 1748 operibus
1006 1669 1092 1732 haec
1114 1668 1185 1732 fere

124 1787 249 1851 fortuna
270 1787 343 1861 fuit,
365 1796 403 1848 ut
425 1787 538 1849 statim
556 1786 813 1848 renascentibus
828 1786 1080 1849 humanioribus
1101 1788 1186 1850 litte-

119 1908 159 1969 ris
180 1907 285 1980 edita,
302 1926 325 1967 a
339 1905 585 1968 mathematicis
597 1913 809 1966 uerterentur
825 1914 859 1966 et
869 1924 970 1968 uersa
983 1907 1184 1988 legerentur,

117 2045 136 2087 a
162 2025 347 2107 philologis
375 2044 457 2088 uero
482 2005 750 2106 neglegerentur
774 2032 947 2104 tamquam
970 2027 1013 2086 ab
1035 2025 1185 2087 humani·

115 2146 191 2207 tatis
222 2144 344 2206 studiis
370 2144 602 2206 communibus
631 2143 820 2236 remotiora.
876 2142 914 2207 Si
942 2144 999 2224 qui
1027 2144 1186 2207 historiae

117 2265 195 2326 artis
230 2263 491 2325 mathematicae
525 2263 785 2344 cognoscendae
819 2262 958 2325 studiosi
991 2283 1032 2325 ea
1063 2272 1184 2328 tracta-

116 2384 208 2457 bant,
240 2401 357 2444 eorum
385 2380 468 2443 nihil
501 2381 663 2443 intererat
697 2390 804 2442 artem
837 2381 986 2444 criticam
1013 2401 1183 2445 exercere.

118 2499 190 2581 Qua
212 2469 258 2562 re,
273 2500 399 2563 factum
418 2509 479 2574 est,
502 2508 538 2562 ut
553 2519 746 2582 perpaucae
761 2499 827 2560 sint
849 2499 1024 2571 editiones,
1044 2501 1088 2562 ad
1106 2519 1183 2561 eum

118 2621 275 2692 codicem,
289 2620 346 2700 qui
356 2618 483 2700 primus
495 2639 532 2681 se
544 2620 720 2692 obtulerat,
734 2637 859 2691 necea,
872 2637 940 2698 qua
951 2637 1039 2680 nunc
1051 2617 1182 2693 utimur,

123 2739 291 2822 diligentia
311 2737 432 2800 factae.
466 2738 531 2799 His
553 2741 690 2800 demum
713 2737 808 2799 annis
831 2738 1041 2817 quorundam
1055 2737 1184 2800 mathe-

122 2859 311 2922 maticorum
333 2877 438 2938 opera
460 2879 505 2920 ex
527 2857 700 2920 codicibus
722 2856 832 2918 denuo
854 2857 984 2919 collatis
1005 2876 1026 2918 a
1047 2856 1128 2919 uiris
1150 2867 1185 2920 et

118 2977 308 3039 matheseos
330 2986 364 3038 et
384 2977 522 3058 linguae
543 2975 699 3046 ¹(irraecae
722 2976 839 3055 peritis
862 2977 955 3039 edita
976 2984 1068 3050 sunt,
1091 2977 1184 3039 uelut

116 3093 223 3158 Procli
254 3115 274 3156 a
301 3093 504 3157 Friedleinio
526 3093 672 3174 (Lipsiae
705 3096 809 3174 1873),
845 3093 992 3157 Heronis
1023 3095 1183 3175 (Berolini

5 3221 8 3244 '
122 3215 207 3294 1864)
230 3221 266 3275 et
288 3212 399 3294 Pappi
422 3213 510 3293 (ibid.
539 3214 756 3294 1875-1877)
784 3214 827 3275 ab
850 3213 1036 3276 Hultschio.
1082 3213 1183 3296 Quod

116 3335 263 3395 nondum
293 3332 434 3414 contigit
455 3331 666 3406 Archimedi,
697 3331 845 3394 omnium
870 3332 1182 3396 mathematicorum

118 3449 322 3514 Graecorum
344 3450 443 3514 facile
465 3449 616 3533 principi.
650 3449 738 3512 Nam
761 3450 942 3514 editionem
964 3451 1183 3515 nouissimam

117 3569 184 3632 eius
207 3570 423 3650 scriptorum,
457 3589 533 3651 quae
560 3570 685 3650 prodiit
707 3567 832 3632 Oxonii
866 3591 961 3650 1792,
994 3571 1182 3634 incredibili

117 3689 336 3771 neglegentia
347 3708 423 3750 esse
434 3687 634 3762 confectam,
657 3688 724 3750 iam
740 3688 797 3750 diu
808 3698 940 3751 constat
954 3689 1041 3753 inter
1055 3709 1181 3764 omnes,

117 3808 316 3888 quicumque
336 3828 378 3872 ea
399 3807 450 3869 usi
472 3817 558 3870 sunt.
592 3807 697 3869 Uelut
711 3806 843 3869 Nizzius
858 3807 892 3869 in
907 3807 1181 3890 interpretatione

118 3922 317 3989 Germanica
345 3924 541 4006 (Stralsund.
576 3928 667 4008 1824)
700 3926 748 3988 sic
780 3924 906 3989 iudicat
939 3927 980 4008 (p.
1007 3927 1089 4009 IX):
1133 3925 1181 3990 So

15 4125 20 4139 ἢ
118 4043 180 4106 viel
202 4043 385 4108 Verdienst
417 4044 489 4106 sich
515 4044 640 4106 Torelli
673 4046 849 4107 erworben
881 4047 954 4121 hat,
988 4065 1025 4108 so
1058 4047 1182 4108 sauber

42 4241 46 4250 Ι
118 4163 176 4224 das
197 4163 347 4225 Aiissere
376 4163 487 4224 dieser
508 4161 674 4241 Ausgabe
697 4162 753 4234 ist,
778 4169 820 4223 'so
850 4174 967 4243 streng
988 4181 1079 4224 muss

694 4279 698 4284 ’
1011 4268 1021 4314 1
