2750 4594
645 265 699 306 101

131 451 221 514 dicis
244 450 425 514 Tantaleae
449 452 492 526 (u.
516 457 583 511 not.
608 451 639 525 3)
670 446 706 508 in
729 447 802 509 cod.
854 445 1027 508 Uenetum
1057 443 1211 523 quadrat,

128 579 197 621 nec
214 560 357 620 lacunae
379 557 544 639 plurimae
556 555 658 618 huius
669 552 796 617 codicis
811 555 903 635 apud
915 551 1109 614 Tantaleam
1120 551 1213 612 inue-

128 667 270 728 niuntur
294 666 399 743 (uelut
420 686 452 746 p.
477 685 539 741 Μ
568 693 609 716 --
639 662 766 724 Tartal.
795 660 850 722 fol.
883 665 916 736 6;
941 658 999 722 cfr.
1022 680 1055 742 p.
1083 681 1145 734 12,‹‚·
1171 689 1212 708 =

128 773 189 836 fol.
209 795 238 852 9,
262 774 324 854 al).
369 771 441 836 Sed
461 770 606 834 fortasse
629 770 715 831 alter
737 767 918 830 Tartaleae
941 769 1064 841 codex,
1085 766 1211 830 nostris

129 881 252 943 similis
285 881 327 960 (u.
360 899 395 960 p.
430 881 498 960 96),
532 878 606 958 ipse
636 878 709 939 cod.
740 875 863 938 Uenet.
893 874 973 947 fuit;
1003 894 1084 936 nam
1112 875 1213 936 inter·

132 987 284 1070 pretatio
318 987 390 1049 eius
423 985 581 1047 Uenetiis
616 984 708 1045 edita
741 993 808 1058 est;
843 992 878 1044 et
910 980 984 1044 fieri
1016 989 1145 1063 potest,
1173 989 1211 1042 ut

135 1096 217 1157 inde
241 1093 476 1156 similitudines
498 1093 574 1154 illae
598 1101 692 1153 ortae
716 1091 790 1153 sint.

218 1201 275 1262 Ex
297 1202 363 1262 hac
384 1200 490 1281 igitur
521 1199 749 1279 disputatione
777 1199 843 1260 hoc
873 1196 970 1276 sequi
992 1197 1143 1270 uidetur,
1166 1215 1214 1257 ex

133 1309 287 1372 editione
321 1307 501 1368 Tartaleae
534 1325 603 1368 non
640 1325 804 1386 magnum
838 1304 1000 1367 auxilium
1031 1304 1075 1366 ad
1108 1321 1214 1382 opera

133 1413 353 1479 Archimedis
377 1413 593 1475 emendanda
621 1413 816 1493 exspectari
848 1432 966 1493 posse,
1006 1417 1213 1491 quamquam

133 1531 279 1597 constat,
313 1541 391 1583 eum
425 1519 579 1582 codicem
612 1521 774 1582 habuisse
806 1540 827 1581 a
864 1519 992 1612 familia
1023 1528 1213 1580 nostrorum

133 1631 292 1694 codicum
314 1628 494 1691 diuersum.

220 1759 249 1814 3.
284 1733 396 1797 Praef.
419 1733 475 1796 fol.
491 1756 523 1796 2:
549 1754 645 1796 »cum
668 1743 758 1796 sorte
782 1735 930 1814 quadam
1026 1733 1071 1793 ad
1092 1751 1213 1792 manus

132 1841 230 1884 meas
263 1820 499 1902 peruenissent
538 1819 652 1893 fracti,
693 1828 728 1881 et
761 1819 819 1899 qui
851 1819 912 1880 uix
943 1818 1013 1899 legi
1045 1825 1212 1897 poterant,

132 1907 275 1986 quidam
295 1905 373 1966 libri
400 1924 502 1966 manu
531 1925 660 1986 graeca
688 1905 804 1986 scripti
911 1901 1138 1974 Archimedis

132 2011 271 2053 omnem
294 2009 434 2070 operam
463 2009 648 2051 meam
681 1989 837 2064 adhibui,
867 1998 905 2051 ut
926 1997 1076 2050 nostram
1098 1986 1133 2047 in
1154 1987 1215 2047 lin·

132 2095 250 2157 guam,
276 2094 363 2154 quae
387 2082 502 2155 partes
525 2094 641 2136 eorum
652 2075 723 2156 legi
738 2083 905 2155 poterant,
919 2081 1213 2144 conuerterentur;

133 2159 228 2240 quod
250 2179 333 2220 sane
356 2157 493 2220 difficile
523 2158 595 2220 fuit.
644 2159 733 2220 Nam
764 2168 798 2220 et
825 2170 1016 2239 temporum
1043 2166 1214 2219 vetustate

133 2255 169 2306 et
192 2264 310 2306 eorum
332 2243 469 2318 incuria,
493 2244 551 2324 qui
572 2245 676 2306 hosce
698 2245 803 2306 libros
826 2244 1049 2316 detinuerant,
1080 2261 1212 2304 errores

133 2349 202 2391 non
234 2348 363 2410 paucos
402 2328 507 2390 fuisse
542 2328 762 2411 corrigendos
785 2338 876 2391 certe
900 2329 987 2390 scias
1010 2326 1127 2400 velim;

133 2434 254 2475 verum
278 2432 355 2475 cum
383 2414 477 2475 locos
504 2414 627 2475 multos
658 2415 863 2495 deprauatos
893 2423 928 2475 et
954 2411 1083 2494 figuras
1114 2430 1212 2490 quas·

133 2500 215 2560 darn
258 2498 393 2578 ineptas
512 2497 747 2571 offendissem,
789 2500 833 2559 ab
874 2497 1010 2578 incepto
1047 2491 1211 2558 desistere

133 2602 226 2664 pene
253 2591 392 2644 coactus
420 2603 511 2655 sum;
545 2585 609 2646 sed
636 2583 805 2645 desiderio
838 2582 1027 2646 incredibili
1059 2581 1093 2642 id
1126 2601 1212 2661 opus

132 2667 347 2748 inspiciendi
365 2687 544 2742 accensus,
578 2687 706 2750 magna
734 2687 780 2729 ex
809 2677 906 2748 parte
937 2667 1105 2729 erroribus
1134 2685 1212 2745 pur·

132 2762 256 2835 gatum
279 2761 314 2812 et
336 2753 474 2833 propria
495 2770 599 2815 manu
620 2752 740 2834 figuris
763 2753 852 2833 aptis
881 2762 916 2814 et
938 2751 1083 2833 propriis
1106 2769 1211 2830 oppo·

133 2837 208 2898 sitis
230 2837 306 2897 luce
329 2837 470 2918 dignum
492 2838 617 2911 censui,
637 2848 672 2899 et
690 2837 839 2898 maxime
860 2857 936 2899 eam
953 2846 1095 2918 partem,
1109 2855 1211 2914 quam
1238 2847 1244 2857 '

131 2929 168 2983 et
190 2921 306 2982 uerbis
328 2931 364 2983 et
386 2923 564 3003 exemplis,
587 2932 751 3002 quantum
780 2924 814 2983 in
841 2943 896 2984 me
926 2922 1003 2996 fuit,
1027 2921 1212 2984 dilucidum

130 3005 276 3078 reddidi,
300 3007 408 3068 donec
431 3016 539 3070 toturn
561 3028 656 3088 opus
681 3009 779 3087 quod·
797 3010 846 3084 (ut
857 3012 970 3088 spero)
993 3007 1091 3068 breui
1114 3025 1134 3066 a
1156 3025 1211 3068 me

130 3089 193 3152 fiet
205 3090 254 3170 [id
264 3109 438 3170 nunquam
451 3091 579 3154 factum
591 3092 665 3172 est],
679 3093 815 3154 omnino
829 3093 1045 3174 castigetur.«
1080 3091 1210 3169 Itaque,

132 3175 295 3254 quoniam
328 3175 417 3237 liber
456 3175 472 3237 I
509 3178 552 3238 de
587 3177 810 3238 insidentibus
844 3197 954 3255 aquae
989 3197 1065 3239 cum
1088 3176 1211 3238 ceteris

130 3259 227 3321 libris
251 3259 361 3320 editus
385 3269 445 3335 est,
468 3261 560 3323 nulla
579 3261 714 3323 adiecta
735 3263 963 3336 adnotatione,
982 3262 1211 3342 colligendum

132 3353 194 3417 est,
209 3363 288 3405 eum
300 3363 435 3424 quoque
448 3345 483 3406 in
495 3346 588 3407 libris
599 3346 666 3408 illis
678 3345 819 3409 Graecis
831 3345 944 3420 fuisse,
956 3367 1029 3420 nec,
1053 3356 1091 3408 ut
1106 3346 1211 3426 uulgo

130 3429 285 3502 traditur,
308 3428 429 3491 Latine
451 3450 587 3493 uersum
605 3451 625 3492 a
640 3430 801 3494 Tartalea
822 3441 994 3513 repertum
1018 3450 1102 3492 esse.
1137 3430 1211 3494 Nec

130 3513 210 3575 huic
232 3525 435 3594 repugnant,
467 3535 555 3595 quae
584 3515 650 3578 alio
679 3517 755 3578 loco
778 3517 858 3579 dicit
885 3517 1044 3578 Tartalea
1069 3515 1211 3596 (Ragio-

130 3598 284 3660 namenti
306 3598 338 3671 1;
367 3598 425 3662 cfr.
448 3621 480 3682 p.
513 3601 578 3680 22):
610 3601 889 3682 »ragionandomi
916 3610 1032 3663 vostra
1060 3600 1211 3682 signoria

131 3683 246 3760 questi
268 3683 381 3763 giorni
402 3685 541 3765 passati,
564 3685 746 3766 magnifico
770 3685 1014 3767 signorConte,
1038 3687 1082 3746 de
1103 3686 1211 3766 l'opra

133 3767 170 3828 di
200 3767 245 3829 A.
278 3766 482 3831 Siracusano
512 3771 557 3831 da
584 3790 640 3832 me
672 3771 753 3832 data
779 3771 813 3831 in
836 3772 911 3832 luce
941 3770 1143 3832 emassime
1167 3772 1210 3830 de

131 3853 247 3931 quella
258 3861 365 3932 parte,
378 3855 442 3916 che
462 3854 660 3918 eintitolata
672 3857 714 3916 de
727 3855 951 3918 insidentibus
963 3874 1074 3934 aquae
1087 3855 1209 3934 quella,

130 3956 187 3998 me
210 3935 347 3999 notifico
369 3958 463 4000 esser
484 3941 590 4001 molto
613 3940 811 4002 desiderosa
832 3940 867 4001 di
889 3950 1025 4002 trouare
1047 3960 1067 4001 e
1097 3940 1131 4000 di
1152 3959 1210 4000 ve·

130 4021 214 4082 dere
237 4022 405 4102 l’original
427 4043 541 4104 greco,
565 4025 653 4087 doue
676 4026 740 4088 che
763 4026 810 4086 tal
832 4035 930 4104 parte
954 4044 1013 4086 era
1035 4032 1125 4086 stata
1143 4035 1209 4085 tra·

130 4106 238 4168 dotta.
282 4106 351 4167 Per
372 4108 406 4168 la
429 4110 508 4187 qual
537 4129 618 4170 cosa
647 4109 829 4198 compresi,
861 4109 925 4171 che
955 4118 1074 4170 vostra
1087 4109 1210 4197 'signo-
