2750 4594
604 305 645 377 όν

95 523 247 586 gressum
271 523 357 577 esse,
381 503 503 581 quibus
524 502 559 564 in
581 501 854 564 demonstrandis
882 500 1167 582 propositionibus

93 610 317 692 geometricis
330 610 399 671 suis
412 610 600 683 niteretur,
629 627 774 688 eumque
803 609 869 670 hac
889 608 946 670 uia
968 609 1013 670 ad
1035 608 1164 670 metho‘·

93 719 150 779 dos
171 717 272 778 nobis
302 717 437 797 ignotas
459 717 672 797 peruenisse,
703 717 826 796 quibus
854 715 968 795 aliqua
998 735 1044 777 ex
1066 723 1164 794 parte

92 833 240 886 nostram
264 823 512 884 arithmeticam
535 801 707 902 aequaret.

529 1398 651 1514 Caput
684 1397 725 1490 V.

385 1602 436 1656 De
456 1601 608 1656 dialecto
628 1599 862 1654 Archimedis.

578 1781 678 1788 *-

167 1898 346 1961 Absoluta
369 1899 437 1960 iam
465 1900 563 1961 huius
593 1900 832 1980 disputationis
860 1907 959 1980 parte
994 1897 1163 1972 historica,

94 2022 152 2081 qua
190 2006 225 2067 id
268 2005 418 2068 maxime
447 2007 530 2067 mihi
557 2008 731 2087 agendum
754 2015 836 2080 erat,
858 1990 899 2068 ut¹
918 2005 1162 2084 conquirerem,

94 2110 312 2192 disponerem,
336 2113 565 2186 aestimarem,
596 2133 685 2192 quae
714 2114 782 2175 iam
812 2113 856 2174 ab
888 2113 962 2174 aliis
992 2113 1165 2192 disputata

94 2228 205 2292 essent,
236 2237 351 2299 pauca
373 2227 504 2280 tantum
527 2220 570 2280 de
592 2238 669 2281 meo
684 2221 832 2293 addens,
863 2219 1025 2300 peruenio
1048 2220 1093 2280 ad
1116 2219 1162 2280 al·

92 2332 190 2386 teram
207 2325 498 2405 praecipuamque
527 2326 638 2405 operis
668 2337 815 2407 partem,
837 2335 876 2388 ut
897 2328 941 2389 de
963 2326 1162 2388 condicione

92 2430 198 2493 critica
220 2451 363 2512 operum
392 2431 626 2506 Archimedis,
655 2443 690 2494 et
720 2453 809 2512 quae
840 2434 1016 2511 sequenda
1038 2433 1105 2494 sint
1126 2432 1162 2494 in

92 2553 173 2598 noua
204 2538 356 2600 editione
396 2541 566 2618 paranda,
601 2559 789 2619 exponam3
823 2539 918 2601 cuius
953 2538 1162 2618 quaestionis

92 2643 228 2721 primum
252 2656 355 2725 caput
377 2655 429 2706 est
452 2647 495 2706 de
518 2647 664 2707 dialecto
686 2644 912 2707 Archimedis

136 2757 138 2764 '
167 2751 414 2813 Archimedem
436 2751 539 2832 igitur
561 2752 686 2814 Dorice
709 2752 884 2831 scripsisse
907 2753 990 2813 satis
1012 2761 1160 2826 constan

93 2854 208 2920 diserte
230 2867 407 2920 testantur.
431 2858 459 2918 si
487 2877 573 2938 opus
603 2869 668 2934 est,
696 2858 856 2920 Eutocius
878 2857 1005 2921 Comm.
1029 2859 1063 2920 in
1084 2859 1159 2921 libr.
1189 2875 1198 2935 J

93 2959 171 3024 lide
183 2965 259 3045 sph.
276 2974 311 3026 et
322 2965 461 3045 cylindr.
486 2964 570 3043 (loco
593 2963 681 3026 infra
700 2967 836 3046 saepius
853 2967 1160 3045 commemorando)

93 3087 119 3146 p.
145 3077 220 3150 163:
244 3071 293 3151 τὴν
315 3069 471 3153 Ἀρχιμήδει
492 3074 570 3151 φίλην
594 3057 721 3152 Δωρίδο
737 3076 885 3152 sidonam
913 3073 1054 3135 Tzetzes
1076 3071 1159 3136 Chil.

93 3171 166 3250 XII,
190 3199 270 3256 995:
294 3177 409 3238 ἐδόκουν
427 3177 479 3252 (τὰ
495 3179 609 3254 aculco)
628 3181 674 3238 καὶ
697 3181 744 3239 τὸν
767 3179 875 3260 Δώριον
896 3176 974 3262 ἔχειν
996 3178 1030 3238 δὲ
1048 3201 1160 3261 χορακ-

94 3283 160 3359 τῆρα
181 3286 229 3343 καὶ
252 3285 325 3342 ἅπαν
353 3283 387 3342 δὲ
416 3283 448 3340 τὸ
477 3275 624 3364 γνώρισμα
652 3286 747 3364 σαφὲς
772 3287 822 3344 τοῦ
843 3283 1043 3368 Ἀρχιμήδους
1066 3285 1160 3346 Ano·

94 3403 209 3466 nymus
249 3389 417 3451 Hultschii
455 3409 487 3470 p.
524 3411 599 3469 275:
634 3388 797 3474 Ἀρχιμήδης
827 3387 1027 3472 Συρακούσιος
1056 3389 1161 3470 Δωρίδι

94 3501 177 3574 φωνῇ.
222 3494 292 3558 Sed
311 3496 420 3576 primo
442 3498 608 3577 adspectu
629 3499 781 3577 adparet,
799 3498 946 3560 librosH
958 3499 1001 3559 de
1013 3497 1160 3578 sphaera

76 3606 125 3656 vet
145 3601 297 3680 cylindro
320 3621 360 3664 ac
381 3603 532 3666 libellum
555 3604 598 3664 de
622 3604 832 3666 dimensione
854 3604 969 3668 circuli
991 3603 1160 3665 communi

95 3700 294 3770 Graecorum
335 3709 559 3790 posteriorum
597 3711 715 3792 lingua
754 3711 897 3796 scriptos
929 3729 1022 3783 esse;
1056 3727 1160 3771 unum

93 3817 319 3876 tanmmmodo
352 3825 458 3877 restat
490 3815 620 3878 formae
648 3817 811 3897 pristinae
841 3837 881 3879 ac
910 3817 1081 3898 genuinae
1102 3835 1159 3876 ue·

95 3915 233 3998 stigium,
256 3939 287 4000 p.
312 3926 368 3998 64:
396 3926 492 4001 τῆνον,
516 3924 608 4002 quod
629 3923 831 3985 uocabulum
853 3924 891 3997 is,
914 3923 1064 4003 quisquis
1085 3921 1159 3996 fuit,

94 4023 146 4099 qui
165 4025 227 4088 hos
248 4027 353 4089 libros
375 4029 409 4089 in
432 4047 645 4092 communem
667 4029 817 4109 linguam
840 4030 1078 4110 transscripsit,
1101 4037 1160 4090 aut

94 4127 167 4204 quia
187 4133 367 4214 ignorabat
396 4143 454 4195 aut
481 4135 561 4214 quia
590 4145 671 4216 apte
701 4145 736 4196 et
764 4135 902 4216 proprie
928 4137 1047 4218 lingua
1069 4155 1159 4198 com·
