2750 4594
591 250 679 332 'ss

209 459 446 540 Ιιάτοπτρικάε
479 457 600 520 Theon
628 477 748 520 comm.
780 458 814 518 in
836 458 978 522 Ptolem.
1013 459 1038 533 I,
1062 481 1079 536 3
1103 479 1136 539 p.
1164 480 1202 520 10

116 572 186 650 (ed.
210 569 343 649 Basil.):
367 565 502 643 βούλεται
530 565 735 644 (Πτολεμαῖος)
759 563 883 625 ἐνταῦθα
907 567 940 626 τύ
968 569 1093 626 τοιοῦτον
1115 564 1202 625 ἐπιλύ-

117 677 234 737 σασθαι
256 676 303 734 καλ
326 675 468 756 δηλῶσαι,
491 673 533 731 δτι
555 671 588 730 οὐ
611 672 689 751 παρὰ
711 673 745 732 τὺ
766 673 918 754 ἀπόστημα
941 674 974 732 τὸ
996 673 1053 732 ἀπὸ
1080 677 1131 754 τῆς
1152 677 1206 754 γῆς

116 785 164 845 ε’πλ
196 785 244 843 τὸν
272 781 394 864 οὐρανὸν
417 781 464 840 καὶ
486 781 611 838 τοιοῦτον
640 780 805 859 συμβαίνει,
836 781 894 840 ἀλλ’
923 780 957 840 ἐκ
987 784 1039 861 τῆς
1064 781 1127 860 περὶ
1155 780 1203 861 την

117 896 173 972 γῆν
212 889 358 970 γινομένης
386 888 546 968 ύγροτάτης
572 885 804 967 ἀναδυμιύισεως,
836 891 887 967 τῆς
917 883 1019 970 ὄψεως
1044 889 1091 959 διὰ
1119 891 1203 946 τοῦτο

119 1001 164 1064 εἷς
185 995 425 1081 δχλυωδέστερυν
447 994 521 1074 ἀέρα
544 991 740 1075 ἐμπιπτούσης,
763 996 810 1054 καὶ
831 998 889 1053 τῶν
911 995 957 1053 ἀπ’
981 995 1070 1076 αύτης
1090 995 1134 1054 ἐπὶ
1156 995 1204 1054 τὸν

119 1105 197 1187 ἀέρα
231 1104 463 1184 προσπιπτουσῶν
497 1101 618 1159 ἀκτίνων
645 1101 742 1160 κλάσιν
776 1102 976 1180 ύπυμενουσῶν
1009 1105 1055 1162 καὶ
1085 1104 1204 1182 μειζονα

123 1213 265 1270 ποιουσῶν
298 1214 347 1290 την
381 1209 453 1290 πρὸς
478 1211 512 1289 τῇ
538 1203 608 1287 ,ὄψει
640 1209 761 1286 γωνίαν,
789 1208 878 1267 καδ’ἃ
905 1210 952 1268 καὶ
980 1210 1143 1294 Ἀρχιμήδης
1170 1209 1204 1269 ἐν

122 1318 299 1398 τοῖςπερὶ
322 1319 564 1396 κατοπτρικῶν
586 1313 777 1374 ἀποδεικνύων
805 1316 903 1396 φησίν,
933 1316 976 1376 ὅτι
1002 1317 1136 1397 καθάπερ
1158 1318 1205 1376 καὶ

123 1427 159 1486 τὰ
178 1428 223 1491 εἷς
244 1423 325 1504 ὕδωρ
348 1422 548 1504 ἐμβαλλόμενα
568 1421 686 1503 μείζονα
709 1423 905 1502 φαίνεταικαὶ
926 1423 988 1503 δσφ
1011 1423 1090 1483 κάτω
1111 1429 1210 1506 χωρεῖ

120 1535 243 1614 μείζονα
262 1534 320 1591 κτλ.
366 1528 631 1613 Olympiodorus
650 1529 684 1590 in
701 1529 844 1593 Aristot.
864 1530 1039 1594 Meteorol.
1053 1531 1103 1593 HI
1114 1530 1158 1610 (II
1168 1550 1201 1610 p.

124 1663 165 1718 94
187 1643 241 1703 ed.
267 1639 401 1720 Ideler):
428 1637 522 1704 ἄλλως
542 1659 574 1696 τε
596 1639 643 1698 καὶ
665 1637 837 1720 Ἀρχιμήδης
857 1635 928 1698 αὐτὸ
951 1641 1035 1697 τοῦτο
1058 1639 1202 1707 δείκνυσιν,

121 1745 165 1809 ὅτι
187 1751 289 1808 κλᾶται
310 1771 327 1826 η
349 1743 423 1828 ὄψις,
452 1745 487 1804 ἐκ
508 1747 557 1804 τοῦ
580 1745 728 1804 δακτυλίου
749 1748 799 1803 τοῦ
821 1744 851 1804 ἐν
880 1745 988 1825 ἀγγείῳ
1016 1745 1203 1825 βαλλομένου.

123 1855 163 1917 Iu
191 1856 258 1917 hoc
293 1853 380 1915 libro
409 1860 492 1934 puto
520 1871 597 1913 eum
623 1852 872 1934 propositiones
901 1852 1031 1932 aliquot
1059 1854 1102 1913 de
1129 1872 1204 1932 spe·

122 1964 206 2026 culis
230 1960 507 2024 comburentibus
530 1959 795 2034 demonstrasse,
824 1959 910 2022 sicut
931 1959 1088 2022 Euclidis·
1103 1983 1204 2018 κατοπ-

124 2071 205 2155 τρικᾴ
228 2069 317 2130 hanc
339 2067 607 2150 propositionem
635 2067 764 2130 habent
797 2068 903 2148 (prop.
935 2090 994 2147 313
1017 2055 1206 2130 Schneider

123 2176 192 2240 Ecl.
217 2177 317 2258 phys.
340 2176 357 2237 I
378 2195 411 2256 p.
431 2176 520 2254 394):
544 2172 577 2232 ἐκ
599 2177 656 2233 τῶν
678 2175 778 2234 κοιλων
801 2173 949 2254 ἐσόπτρων
971 2175 1043 2253 πρὸς
1061 2175 1109 2233 τὸν
1131 2173 1205 2253 ἦλιυν

129 2283 271 2344 τεθέντων
305 2285 358 2362 πῦρ
395 2281 554 2356 ἐξάπτεται.
616 2281 694 2343 Ηυο
727 2281 830 2362 igitur
864 2292 996 2363 spectat
1035 2282 1205 2362 Apuleius

129 2391 242 2472 (Apol.
271 2395 307 2454 [ὁ
330 2410 362 2471 p.
387 2410 425 2466 42
451 2389 503 2450 ed.
527 2387 723 2469 Betolaud),
748 2389 870 2469 quide
894 2391 1107 2470 speculorum
1129 2409 1205 2470 pro·

128 2498 329 2578 prioratibus
352 2496 554 2577 quibusdam
583 2496 714 2558 locutus
747 2496 833 2558 haec
866 2497 974 2559 addit:
1009 2497 1076 2558 alia
1108 2516 1206 2584 prae·

128 2615 222 2668 terea
244 2606 317 2666 eius
339 2603 432 2665 modi
454 2603 607 2683 plurima,
631 2621 719 2682 quae
742 2613 865 2690 tractat
887 2603 1018 2684 ingenti
1035 2603 1205 2664 volumine

128 2712 356 2774 Archimedes
377 2709 630 2792 Syracusanus;
654 2693 795 2772 'sietzes
818 2710 902 2773 Chii.
933 2709 1014 2782 XII,
1039 2729 1077 2788 97
1082 2733 1117 2788 3:
1140 2733 1206 2768 κατ-

128 2823 241 2901 όπτρων
264 2819 317 2883 τὰς
337 2817 462 2898 ἐξάψεις.

212 2926 319 2988 Addo
343 2945 420 2988 eum
451 2924 553 2986 etiarn
582 2926 630 2986 de
659 2924 878 3007 grauitatis
908 2907 1048 2987 centro
1071 2923 1206 2987 conoi-

127 3036 230 3096 dedn
261 3032 588 3114 parabolicorum
617 3031 853 3111 quaestionem
883 3031 1014 3104 iniisse;
1042 3051 1121 3092 nam
1144 3031 1207 3108 περὶ

128 3141 229 3224 δχουμ.
261 3139 308 3214 Π,
347 3161 362 3200 2
396 3138 640 3201 demonstratio
667 3137 784 3218 perfici
816 3139 934 3218 nequit
963 3137 1029 3200 nisi
1057 3139 1123 3200 hoc
1152 3139 1209 3198 de·

129 3257 333 3320 monstrato,
370 3257 532 3308 centrum·
546 3245 725 3336 grauitatis
761 3245 838 3307 talis
861 3245 1011 3326 corporis
1034 3265 1136 3306 axem
1154 3245 1202 3306 ita

129 3355 296 3428 diuidere,
329 3363 367 3414 ut
395 3372 475 3434 pars
505 3353 550 3414 ad
579 3353 741 3415 uerticem
769 3353 836 3414 sita
868 3354 970 3433 dupla
1000 3353 1043 3414 sit
1073 3352 1211 3414 alterius

128 3462 236 3542 partis
259 3460 329 3539 (cfr.
353 3459 470 3522 Nizze:
495 3459 639 3522 Uebers.
662 3480 694 3541 p.
720 3461 801 3540 233).

212 3569 267 3630 De
296 3578 383 3628 arte
406 3567 640 3629 mechanica
662 3567 734 3628 siue
758 3567 929 3640 technica,
953 3587 1054 3647 quarn
1076 3576 1209 3640 uocant,

126 3694 233 3736 unum
267 3683 398 3735 tantum
421 3675 524 3735 modo
553 3649 676 3735 iibrum
700 3673 904 3753 composuit,
938 3673 996 3753 qui
1030 3672 1211 3754 inscriptus

127 3792 216 3844 erat:
242 3781 326 3861 Περὶ
348 3781 610 3861 σφαιροποιιάς;
634 3779 767 3861 Carpus
791 3781 882 3859 apud
904 3780 1061 3861 Pappum
1078 3779 1163 3841 VIII
1178 3800 1210 3861 p.

128 3894 206 3966 306:
231 3890 247 3946 ύ
270 3889 388 3968 Α’άρπος
408 3887 444 3946 δέ
463 3885 516 3950 πού
539 3908 621 3968 φησιν
643 3889 659 3945 ύ
682 3884 840 3969 Ἀντιοχεύς,
863 3886 1024 3969 Ἀρχιμήδην
1047 3888 1094 3946 τὸν
1116 3893 1212 3965 Συρα-

15 4045 16 4052 ,
127 3994 244 4054 κυύσιυν
268 3992 298 4053 ἓν
317 3996 403 4075 μόνον
434 3995 543 4070 βιβλίον
573 4007 775 4074 συντεταχεναι
795 3994 960 4076 μηχανικόν,
984 3993 1022 4051 τύ
1044 3994 1132 4052 κατὰ
1154 3994 1212 4074 τὴν

128 4102 388 4181 σφαιροποιίαν.
434 4099 500 4163 Cir.
532 4099 672 4161 Proclus
695 4099 730 4161 in
753 4098 846 4161 Eucl.
869 4119 901 4180 p.
926 4122 976 4177 41,
1003 4109 1057 4161 10:
1087 4125 1104 4181 η
1130 4122 1214 4181 σφαι-

991 4201 1007 4250 3
