2670 4588
618 285 656 342 23

111 465 166 528 lice
185 467 284 528 uertit
305 455 534 542 Forcadel¹
551 466 658 546 (Paris
685 470 774 544 1565.
800 469 839 546 4).
885 464 1059 545 Excerpta
1081 485 1184 544 quae-

111 553 176 612 dam
187 550 343 613 Arabica
357 561 601 615 commemorat
622 550 863 632 Woepcke:
888 550 1070 612 Memoires
1092 569 1180 630 pres

108 655 137 715 p.
156 636 216 697 div.
250 655 325 698 sav.
358 657 380 698 a
406 638 524 699 l’acad.
554 638 615 698 des
638 637 788 698 sciences
820 633 911 697 XIV
944 655 976 716 p.
1000 638 1071 710 664.
1117 633 1182 696 cfr.

109 720 271 782 Thurot:
296 719 368 784 Sur
380 724 413 784 le
425 722 577 803 principe
591 720 729 784 d’Arch.
741 720 866 782 Revue
890 719 1036 782 archdol.
1060 718 1184 798 XVIII

106 824 133 883 p·
154 810 345 882 ³89-4063
381 805 476 868 XIX
498 826 530 887 n·
554 827 697 883 42-49;
727 826 759 887 p.
793 826 976 882 111-123;
1010 823 1042 884 p-
1079 808 1182 880 285-

106 911 156 968 99;
177 909 207 970 p.
232 911 404 968 345—5o;
428 890 506 954 XX
527 911 558 972 p.
581 912 713 968 14—33.
757 891 946 952 Kastner
967 889 1000 950 II
1021 909 1053 969 p.
1079 910 1183 949 201—

106 995 129 1034 2.
169 974 215 1035 Hi
237 975 322 1036 libri
345 976 534 1054 alibrariis
556 977 703 1056 pessime
734 975 842 1037 habiti
865 984 951 1047 sunt,
981 975 1074 1036 uelut
1096 973 1127 1046 I,
1163 978 1181 1034 8

106 1057 164 1137 (ubi
185 1061 437 1122 demonstratio
467 1076 638 1140 peruersa
654 1071 720 1132 est;
744 1060 893 1122 correxit
909 1057 1182 1137 Commandinus)

106 1153 134 1203 et
153 1144 192 1217 H,
219 1165 269 1219 ro,
287 1166 305 1222 5
333 1145 403 1225 (ubi
424 1145 536 1226 figura
557 1147 645 1208 male
669 1143 841 1224 descripta
862 1145 924 1224 est)
935 1165 948 1216 ;.
957 1143 1037 1217 .11,2
1062 1145 1184 1204 lacuna

104 1246 123 1287 a
153 1227 407 1292 Commandino
439 1232 596 1311 suppleta
630 1239 691 1293 est.
754 1229 1019 1291 Emendationes
1057 1228 1185 1308 aliquot

106 1313 189 1374 dedit
209 1313 367 1376 Nizze:
391 1314 534 1377 Uebers.
558 1336 590 1397 p.
617 1335 687 1394 ²71·

182 1444 210 1498 4.
257 1423 478 1505 Appendicis
499 1424 574 1485 loco
604 1423 804 1484 mechanica
828 1421 1000 1501 quaedam
1022 1420 1183 1481 hocloco

106 1503 260 1587 colligere
283 1509 380 1582 libet,
393 1508 528 1587 quaein
540 1507 614 1569 aliis
626 1506 841 1568 Archimedis
864 1505 1022 1585 operibus
1035 1514 1181 1566 exstant.

107 1587 139 1648 In
166 1593 283 1670 priore
308 1602 408 1673 parte
437 1592 513 1652 libri
548 1594 592 1654 de
621 1593 806 1673 parabolae
839 1591 1050 1670 quadratura
1071 1590 1183 1670 agitur

108 1673 145 1734 de
166 1678 289 1756 spatiis
313 1697 390 1739 cum
402 1677 579 1757 triangulis
591 1676 744 1757 (VI-X)
763 1686 797 1738 et
819 1674 976 1756 trapeziis
999 1674 1183 1754 aequabili-

108 1765 204 1822 tatem
220 1762 441 1824 seruantibus
453 1761 670 1842 (XI—XIII).
696 1761 765 1840 Περὶ
779 1761 847 1820 ἑλίκ.
864 1761 881 1822 I
898 1759 1055 1832 ostendit,
1075 1760 1183 1820 lineas

110 1857 283 1924 apunct0,
309 1847 400 1927 quod
423 1846 646 1926 aequabiliter
668 1856 859 1918 moueatur,
883 1852 1075 1924 permeatas
1107 1863 1183 1905 eam

108 1929 269 1992 rationem
300 1932 447 2003 habere,
472 1950 573 2009 quam
602 1941 771 2010 tempora,
800 1929 922 2008 quibus
954 1938 1181 2010 permeentur.

108 2010 266 2077 Eiusdem
288 2016 366 2077 libri
381 2035 475 2097 prop.
489 2015 523 2076 II
539 2016 625 2077 haec
648 2025 714 2077 est:
734 2015 762 2075 si
784 2015 818 2076 in
841 2015 973 2076 duobus
995 2013 1092 2074 lineis
1114 2015 1182 2074 duo

109 2109 228 2175 puncta
253 2101 426 2179 aequabili
448 2111 541 2162 motu
563 2100 724 2172 feruntur,
747 2110 782 2161 et
804 2099 838 2160 in
860 2107 1003 2176 utraque
1014 2098 1105 2160 linea
1116 2098 1184 2160 alia

111 2184 255 2259 sumitur,
278 2185 326 2246 ita
349 2195 385 2246 ut
406 2195 441 2246 et
464 2185 529 2246 hae
547 2195 581 2247 et
599 2186 676 2246 illae
688 2186 799 2246 lineae
810 2184 930 2246 iisdem
941 2184 1150 2264 temporibus
1163 2204 1184 2245 a

111 2270 236 2344 punctis
271 2279 497 2350 permeentur,
520 2270 630 2332 lineae
652 2269 922 2351 proportionales
945 2277 1051 2330 erunt.

187 2376 290 2438 Haec
321 2377 425 2458 igitur
447 2379 491 2438 ad
513 2397 575 2438 nos
605 2385 833 2458 peruenerunt
861 2375 987 2456 scripta
1020 2377 1063 2456 1),
1094 2395 1181 2454 quae

112 2482 184 2558 quin
205 2484 428 2546 Archimedis
451 2483 526 2556 sint,
551 2484 697 2545 dubitari
719 2503 786 2544 non
813 2490 935 2563 potest.

192 2614 216 2653 1.
262 2590 500 2652 Editiones:
534 2591 577 2653 A.
613 2589 746 2670 Opera,
775 2610 863 2669 quae
886 2589 1023 2668 quidem
1046 2598 1184 2650 exstant

114 2677 224 2750 omnia,
249 2695 339 2737 nunc
361 2675 505 2756 primum
527 2695 578 2756 gr.
592 2685 626 2737 et
636 2677 694 2737 lat.
718 2675 752 2737 in
766 2677 875 2736 lucem
899 2675 1000 2736 edita.
1034 2673 1183 2735 Adiecta

116 2775 241 2840 quoque
279 2769 357 2822 sunt
385 2759 516 2822 Eutocii
552 2760 771 2822 Ascalonitae
806 2759 1060 2832 commentaria,
1102 2758 1182 2820 item

118 2860 155 2920 gr.
176 2855 212 2907 et
234 2847 292 2906 lat.
315 2864 489 2923 nunquam
517 2855 619 2907 antea
646 2864 783 2907 excusa.
839 2844 943 2906 Basil.
973 2863 1026 2924 ap.
1050 2843 1183 2905 Herva·

114 2927 198 3006 gium
226 2951 307 3007 1544
330 2929 385 2991 fol.
417 2929 567 3008 (curante
595 2929 657 2991 Th.
689 2927 860 2992 Gechauff
885 2929 1092 3008 Venatorio).
1138 2928 1181 2990 A.

114 3030 218 3092 opera,
258 3034 346 3093 quae
379 3023 532 3088 exstant,
566 3034 617 3096 gr.
648 3025 682 3076 et
710 3016 766 3076 lat.
801 3015 898 3076 novis
931 3016 1114 3075 demonstr.
1149 3023 1184 3076 et

113 3108 285 3162 comment.
309 3098 423 3160 illustr.
447 3118 509 3180 per
530 3099 572 3161 D.
596 3099 773 3162 Rivaltum
796 3100 840 3160 de
869 3099 1053 3160 Flurantia.
1104 3098 1181 3161 Par.

116 3187 197 3262 1615.
231 3183 287 3246 fol.
319 3183 579 3265 (propositiones
613 3186 703 3246 solas
726 3183 858 3246 Graece
893 3184 1062 3264 continet).
1117 3183 1183 3246 Ar·

4 3283 5 3294 ¹
111 3265 202 3332 chim.
225 3289 303 3349 quae
323 3277 503 3350 supersunt
515 3269 629 3330 omnia
641 3289 718 3331 cum
729 3269 861 3330 Eutocii
872 3267 988 3330 Ascal.
1003 3279 1181 3331 comment.

112 3370 153 3414 ex
172 3375 239 3416 rec.
263 3353 291 3432 J.
315 3353 439 3416 Torelli
461 3353 649 3416 Veronens.
674 3374 750 3416 cum
772 3373 862 3415 nova
884 3373 971 3416 vers,
994 3354 1050 3416 lat.
1070 3352 1181 3416 Oxon.

117 3458 187 3516 1792
225 3437 282 3500 fol.
337 3437 437 3519 Quod
472 3439 602 3512 dicunt,
638 3439 821 3500 editionem
862 3437 994 3499 Riualti
1028 3458 1183 3500 recusam

111 3539 180 3586 esse
212 3543 234 3584 a
264 3523 310 3586 Cl.
343 3523 496 3585 Ricardo
534 3523 640 3586 Paris.
676 3528 754 3601 1646
787 3523 859 3597 fol,
890 3524 925 3584 id
953 3522 1075 3584 falsum
1106 3543 1183 3586 esse

4 3627 5 3630 ¹
114 3607 225 3672 docuit
246 3608 394 3670 Brunet:
418 3609 556 3670 Man'uel
578 3610 595 3670 I
616 3629 648 3690 p.
673 3614 736 3686 384
759 3610 812 3670 ed.
835 3608 878 3670 V.

196 3737 224 3778 2.
269 3713 688 3797 Interpre'tationes:
733 3714 943 3777 Boethius
965 3714 1183 3777 Archimedis

104 3809 214 3881 'opera
225 3799 345 3863 Latine
358 3801 500 3864 uertisse
512 3801 618 3863 fertur
630 3800 829 3880 (Cassiodor.
845 3800 926 3863 Uar.
940 3800 969 3873 I,
983 3823 1002 3877 4
1005 3802 1044 3880 5).
1068 3798 1184 3881 Opera

4 3870 5 3900 ἶ
114 3883 153 3948 A.
187 3885 393 3966 Syracusani
426 3886 618 3967 philosophi
651 3895 686 3946 et
724 3886 951 3948 mathematici
985 3885 1183 3967 ingeniosis-

3 3974 4 3998 *
113 3969 184 4031 simi
216 3989 278 4050 per
313 3971 354 4033 N.
389 3971 584 4033 Tartaleam
616 3969 817 4031 Brixianum
859 3971 971 4032 multis
1013 3970 1182 4032 erroribus

115 4057 299 4130 emendata,
334 4065 542 4136 expurgata·
561 4075 601 4117 ac
635 4056 669 4116 in
709 4056 784 4131 luce
818 4055 929 4138 posita
961 4065 1025 4118 cet.
1060 4053 1181 4116 Venet.

118 4159 200 4217 1543.
224 4164 252 4218 4.
298 4139 415 4222 Opera
436 4141 596 4202 nonnulla
627 4139 671 4202 A.
696 4160 716 4202 a
750 4141 787 4203 F.
812 4140 1057 4204 Commaudino
1081 4138 1114 4200 in
1136 4139 1175 4199 la·

1326 501 1331 542 l
