2714 4570
619 323 673 382 ¹97

110 507 145 577 ἓξ
165 512 220 566 τῶν
244 505 332 566 ἕκτων
355 506 532 587 καλουμένων
555 505 618 566 ἐντί·
638 506 688 564 καί
712 504 728 566 ο
752 503 878 589 ἔσχατος
899 505 990 564 αὐτῶν
1013 504 1077 564 ἐστι’
1095 501 1109 563 ί
1132 527 1179 586 μυ-

109 615 213 696 ριάδες
244 618 300 673 τῶν
334 612 423 674 ἕκτων
453 614 591 694 ἀριθμῶν.
619 612 742 691 μανερδν
770 610 827 680 οὖν,
857 612 899 670 ὅτι
928 613 960 670 τὸ
988 615 1037 670 τοῦ
1066 613 1182 694 ψάμμου

111 723 219 802 πλῆθος
245 725 293 781 τοῦ
318 721 446 802 μέγεθος
471 719 590 806 ἔχοντος
616 721 674 781 ἴσον
702 730 739 803 τᾷ
769 723 877 803 σφαιρᾳ
900 727 935 804 τᾷ
958 722 1008 780 τάν
1031 721 1181 801 διάμετρον

112 829 221 914 ἐχούσᾳ
255 829 376 910 σταδίων
406 830 553 909 μυριάδων
581 837 681 910 μυριᾶν
710 828 831 890 ἔλασσόν
858 827 931 888 ἐστιν
960 825 977 906 ἢ
1007 824 1021 884 ι’
1048 826 1184 907 μυριάδες

112 941 168 997 τῶν
191 936 280 996 ἕκτων
303 939 439 1017 ἀριθμῶν.
454 925 481 995 Ιοἰ
503 937 537 997 δὲ
559 939 609 998 τάν
632 937 783 1018 διάμετρον
805 931 915 1020 ἔχουσα
933 941 1040 1014 σφαῖρα
1057 935 1182 994 σταδίων
1230 955 1275 996 ιο.

109 1046 239 1126 μυριάκις
256 1046 402 1126 μυριάδων
422 1045 452 1125 ρ’
475 1047 662 1105 πολλαπλασίω
685 1043 745 1103 ἐστὶ
768 1049 819 1110 τάς
839 1046 966 1123 σφαίρας
986 1045 1038 1108 τᾶς
1058 1042 1184 1125 ἐχούσας

112 1155 162 1213 τάν
192 1155 342 1234 διάμετρον
371 1153 493 1212 σταδίων
519 1153 665 1233 μυριάδων
685 1158 785 1232 μυριᾶν
808 1157 868 1217 ταῖς
886 1152 914 1231 ρ’
929 1151 1127 1234 μυριάδεσσιν.
1158 1152 1184 1210 εἰ

111 1261 160 1322 οὐν
182 1261 291 1341 γένοιτο
313 1261 345 1320 ἐκ
367 1265 416 1320 τοῦ
438 1261 555 1342 ψάμμου
578 1266 686 1340 σφαῖρα
709 1257 860 1318 ταλικαάτα
883 1260 915 1317 τδ
939 1258 1073 1339 μέγεθος,
1100 1257 1181 1317 ἁλίκα

409 1343 417 1362 .

111 1370 187 1430 ἐστίν
209 1372 227 1428 ἁ
250 1374 359 1450 σφαῖρα
382 1369 400 1426 ά
423 1366 532 1452 ἔχουσα
556 1368 605 1428 τάν
627 1368 777 1448 διάμετρον
799 1366 921 1425 σταδίων
941 1364 1070 1446 μυριάκις
1084 1365 1181 1444 μυριά-

113 1480 170 1537 δων
197 1477 237 1556 ρ’.
269 1477 402 1559 φανερόν,
431 1478 473 1536 δτι
501 1478 532 1536 τδ
563 1479 612 1535 τοῦ
642 1475 759 1556 ψάμμου
788 1473 894 1553 πλῆθος
913 1470 1035 1532 ἔλασσον
1057 1471 1182 1532 ἑσσειτοιι

113 1591 161 1647 τοῦ
183 1586 334 1666 γενομένου
362 1585 484 1667 ἀριθμοῦ
512 1583 819 1645 πολλαπλοσιασθεισᾶν
850 1589 899 1642 τάν
921 1581 939 1640 ί
958 1581 1104 1662 μυριάδων
1125 1583 1181 1639 τῶν

113 1691 202 1752 ἕκτων
231 1691 361 1773 ἀριθμῶν
390 1699 450 1758 ταῖς
471 1693 501 1774 μ’
526 1691 727 1773 μυριάδεσσιν.“
751 1691 810 1751 ἐπεὶ
838 1686 862 1748 δ’
892 1691 921 1748 αί
938 1688 990 1769 μὲν
1013 1689 1068 1747 τῶν
1091 1685 1181 1747 ἕκτων

112 1799 240 1880 ἀριθμῶν
268 1795 339 1856 δέκα
366 1797 505 1876 μυριάδες
530 1794 613 1861 ἕκτος
640 1797 687 1854 καὶ
709 1795 906 1878 τετρωκοστάς
925 1792 999 1853 ἐστιν
1021 1794 1076 1852 ἀπὸ
1095 1794 1181 1873 μονά-

111 1907 162 1971 δος
178 1907 324 1984 ἀνάλογον,
347 1907 377 1964 αι’
393 1905 426 1964 δὲ
442 1903 470 1985 ρ’
490 1903 629 1986 μυριάδες
645 1902 772 1984 ἕβδομος
792 1903 847 1963 άπὸ
867 1902 994 1984 μονάδος
1013 1900 1047 1960 ἐκ
1068 1906 1120 1967 τάς
1134 1901 1181 1961 αιἰ·

112 2021 164 2080 τάς
172 2012 331 2092 ἀναλογίας,
344 2013 436 2094 δῆλον,
449 2014 491 2072 ὅτι
502 2014 518 2072 ὁ
530 2013 681 2093 γενόμενος
690 2012 814 2072 ἐσσείται
826 2011 1115 2078 δυυκαιπεντακυστὸς
1125 2010 1180 2070 ἀπὸ

110 2107 235 2199 μονάδος
262 2119 295 2179 ἐκ
324 2125 376 2186 τᾶς
399 2120 487 2186 αὐτᾶς
514 2122 674 2200 ἀναλογίας
708 2125 764 2180 τῶν
792 2121 826 2181 δὲ
855 2119 906 2180 δύο
935 2123 981 2180 καὶ
1010 2119 1181 2200 πεντήκοντα

115 2224 219 2285 τούτων
242 2229 337 2308 οἱμὲν
360 2228 436 2304 ὀκτῶ
458 2229 504 2288 καλ
526 2229 705 2310 τετμῶκοντα
727 2227 777 2288 σὺν
800 2232 836 2309 τᾷ
854 2211 957 2307 μονάδι
979 2229 1010 2286 υί
1025 2247 1057 2286 τε
1075 2226 1182 2308 πρῶτοι

113 2333 273 2414 καλουμένοι
293 2335 348 2395 ἐντί
370 2338 416 2395 καλ
437 2338 464 2395 οἱ
485 2335 613 2415 δευτέρω
634 2337 681 2394 καὶ
703 2339 789 2415 τρίτοι
810 2338 858 2396 καλ
880 2335 1010 2414 τετάρτω
1031 2336 1078 2394 καί
1096 2333 1180 2414 πέμπ-

113 2465 153 2501 τυι
182 2444 228 2501 καὶ
256 2440 340 2503 ἕκτοι.
369 2447 396 2502 οί
422 2443 456 2504 δὲ
486 2447 572 2503 λοιποί
600 2443 740 2522 τέσσαοες
768 2447 825 2502 τῶν
847 2441 980 2522 ἑβδόμων
1002 2441 1180 2522 καλουμένων

196 2733 222 2800 1.
246 2735 278 2812 ἓξ
301 2741 356 2798 τῶν
379 2735 481 2816 ἕκτων]
506 2740 576 2809 WT,
609 2741 664 2798 τῶν
687 2738 721 2798 ἐκ
743 2742 798 2798 τῶν
821 2740 885 2798 Bas.
910 2741 956 2798 F?
978 2740 1040 2812 AD,
1072 2743 1126 2800 τῶν
1149 2739 1182 2800 ἐκ

109 2827 165 2882 τῶν
188 2821 278 2882 ἕκτων
302 2825 333 2899 O,
357 2825 412 2881 τῶν
435 2819 467 2897 ἓξ
489 2825 544 2882 τῶν
567 2821 656 2883 ἕκτων
670 2825 701 2896 Β,
726 2827 781 2882 τῶν
801 2822 890 2884 ἔκτων
909 2823 943 2886 R.
988 2823 1074 2890 αὐτός
1092 2825 1179 2888 ACD.
1269 2886 1270 2890 ,

107 2905 254 2986 μυριάδες]
278 2907 349 2982 WT,
371 2908 526 2988 μοιριάδων
556 2909 597 2980 1⁴¹3
629 2911 650 2982 I,
686 2912 720 2981 83
752 2907 898 2992 μυριάδων
929 2917 995 2970 cett.
1049 2914 1076 2970 3.
1098 2903 1181 2992 μεμέ·

111 2991 181 3055 θεος
207 2993 273 3051 Bas.
329 2995 358 3053 4.
384 2992 529 3072 μυριάδων
554 2995 667 3075 μυριᾶν]
699 3015 767 3076 eg9;
799 2997 852 3054 cfr.
887 3017 975 3073 supra
1012 3004 1041 3053 et
1074 2997 1089 3074 §
1126 2998 1180 3067 103

106 3075 238 3155 μυριάκις
261 3075 407 3159 μυριάδων
433 3078 540 3158 μυρίων
563 3080 638 3137 codd
671 3079 736 3138 Bas.
760 3080 787 3138 R
810 3081 950 3162 (μυριάκις
967 3081 1112 3160 μυριάδων
1131 3103 1181 3161 μυ·

106 3161 216 3241 μιάδων
239 3163 290 3240 0);
311 3158 442 3244 μυριάκις
459 3163 648 3245 μυρίωνθίΤ.
693 3163 823 3224 ἐλάσσων
846 3167 929 3226 codd.
953 3165 1018 3224 Bas.
1045 3166 1071 3224 R
1093 3166 1181 3244 (corr.

109 3249 138 3304 in
162 3269 245 3320 anus,
270 3269 355 3326 quem
372 3253 463 3309 secuti
476 3260 543 3308 suut
556 3248 641 3330 WT).
688 3253 715 3310 5.
729 3247 832 3329 ἕκτων]
843 3248 878 3308 ἐκ
900 3251 955 3309 τῶν
968 3251 1032 3334 Bag.
1057 3249 1185 3335 ἐχούσας

109 3331 171 3388 AD.
219 3333 246 3392 7.
267 3333 413 3414 μυριάδων
437 3355 499 3410 ego,
520 3333 662 3414 μυριάδας
682 3335 786 3394 FAOD
810 3339 885 3406 Bas„
907 3335 1038 3416 μυριάκις
1057 3336 1181 3396 BRWT.

107 3419 221 3495 μυριᾶν]
245 3437 307 3492 ego,
329 3419 433 3499 μυρίοις
452 3419 556 3478 FAUD
580 3420 656 3492 Bas„
678 3419 785 3499 μυρίων
808 3421 940 3492 BRWT3
964 3419 1015 3480 sed
1039 3424 1092 3480 cfr.
1115 3421 1132 3499 fi
1152 3425 1179 3481 9.

110 3506 171 3564 ταῖς
193 3497 226 3581 ρ’
247 3504 443 3582 μοριάδεσσιν]
468 3509 529 3568 ταῖς
553 3505 682 3584 μυριάσιν
705 3505 740 3576 Ι),
772 3509 833 3569 ταῖς
855 3504 886 3588 ρ’
905 3505 1036 3585 μυριάσιν
1058 3507 1093 3585 A,
1122 3511 1184 3571 ταῖς

106 3584 137 3664 ρ’
161 3586 325 3672 μυριάδεσιν
355 3589 387 3647 C.
438 3591 465 3650 8,
490 3587 639 3669 τηλικαίτα
670 3587 704 3650 Ι).
757 3593 785 3650 9.
815 3589 889 3649 ἐστίν
918 3592 950 3668 ἁ]
982 3588 1041 3649 ἐστὶ
1075 3591 1127 3650 τά·
1144 3592 1179 3649 D.

111 3674 158 3732 10.
184 3671 215 3752 ρ’
243 3694 298 3732 om.
327 3674 394 3734 Bas.
417 3737 419 3741 ,
441 3673 473 3731 τὸ
496 3674 549 3735 oin.
574 3675 604 3734 C.
650 3671 767 3734 ἔλαττον
790 3674 852 3733 AD.
899 3677 947 3735 ll.
971 3677 1181 3735 πολλαπλασίων

110 3756 213 3814 FAGD
243 3757 308 3818 Bas.
351 3758 491 3839 μυριάδων
520 3759 606 3818 ACD.
655 3763 703 3821 12.
728 3761 798 3837 ταῖς]
827 3759 898 3838 WT,
930 3765 980 3819 τάν
1008 3761 1081 3819 FBC
1113 3762 1179 3822 Bas,

109 3841 149 3912 R,
179 3843 235 3899 τῶν
266 3843 354 3901 ADV.
403 3843 602 3926 μυριάδεσσιν]
640 3846 718 3918 WT;
747 3843 885 3925 μυριάδες
912 3845 1015 3904 FACD
1047 3847 1113 3906 Bas.
1144 3847 1179 3918 R,

106 3926 220 4006 μυριαδ.
249 3927 281 3984 Β.
327 3929 382 3986 τῶν
410 3926 512 4007 ἕκτων]
541 3932 597 3988 τῶν
627 3929 756 4010 ἀριθμῶν
783 3927 873 3988 ἕκτων
901 3931 936 4004 Ι),
969 3931 1023 3988 τῶν
1052 3931 1181 4011 ἀριθμῶν

109 4013 165 4069 τῶν
188 4008 279 4070 ἕκτων
304 4011 352 4070 BR
375 4017 438 4091 (qui
460 4035 515 4072 om.
540 4033 663 4092 sequens
685 4013 840 4096 ἀριθμῶν);
865 4017 917 4074 cfr.
941 4017 1002 4094 §3.
1051 4019 1098 4078 18.
1119 4035 1181 4076 τεσ·
1254 4019 1263 4038 “

110 4095 291 4176 σορακοστός
323 4118 430 4158 omnes.
482 4101 529 4158 15.
561 4098 656 4179 δῆλον]
686 4100 769 4180 δῆλον
803 4097 852 4159 οὖν
881 4101 944 4159 ΑΙ).
995 4121 1149 4181 πεντηκοστ

110 4180 249 4240 ABCDR.
274 4183 329 4242 ἀπὸ
348 4183 476 4265 μονάδος
496 4206 551 4243 om.
576 4184 608 4247 C.
654 4187 701 4246 17.
726 4185 942 4276 τεσσαράκοντα
964 4207 1072 4276 οωυοε.
