2714 4570
685 271 741 313 122

305 488 342 550 F.
571 487 677 550 Paris.
703 510 717 548 2
723 493 791 565 360
808 487 848 550 B.
1006 487 1174 549 Riualtus.

514 452 517 530 l

150 622 259 636 Q
327 531 551 636 QQi„
784 619 1121 628 QQ.
1243 623 1273 627 Q

213 624 368 638 :-.-
385 632 442 637 .-
692 632 784 638 »,-.--
814 630 1064 638 --.—-.-—.-——..

1341 645 1342 688 l

143 775 250 816 τε
279 752 316 810 τὰ
343 748 505 832 μαθήματα
530 749 592 829 περὶ
633 709 680 810 ἰτοι
728 749 888 830 μαθήματα
915 750 951 808 τὰ
997 749 1159 830 μαθήματα
1209 749 1279 807 ἀνα-

143 858 406 940 ἀναστρεφομένοις
450 855 505 915 ἐπι·
531 857 797 937 ἀναστρεφομένοις
834 855 889 915 ἐπι·
915 857 1122 938 στρεφομένας
1144 854 1280 934 &Md

146 965 312 1046 σκέψασθαι
334 964 503 1045 ἐῤῥωμενω·
516 1008 518 1051 ³
533 962 888 1045 σκέψασθαιέῤῥωμένωτ
917 965 1015 1024 ασθαι·
1047 961 1175 1044 ἔῤῥωσο.
1206 963 1280 1043 Γρᾶ.

142 1094 305 1152 ’ἵΡαφθνΤαῑ
326 1074 386 1130 κτλ·
516 1056 690 1178 [γράφονται
711 1073 770 1130 κτλ.
915 1093 1016 1150 φονται
1038 1074 1098 1130 κτλ.

214 1319 254 1380 In
277 1320 565 1401 interpretatione,
589 1321 681 1400 quod
703 1320 835 1396 mirere,
858 1321 989 1383 initium
1012 1319 1179 1401 epistulae
1201 1319 1254 1380 in-

170 1436 308 1508 tegrum
330 1438 391 1501 est,
414 1426 490 1488 finis
513 1428 691 1500 omittitur;
714 1429 820 1490 habet
843 1428 948 1490 enim:

408 1535 636 1597 Archimedes
658 1536 825 1598 Dositheo
848 1535 1001 1596 salutem.

256 1640 355 1703 Prius
377 1643 515 1723 quidem
538 1644 583 1704 ad
605 1653 639 1704 te
669 1644 758 1716 misi,
792 1663 869 1724 quae
903 1663 924 1704 a
955 1641 1055 1703 nobis
1092 1641 1254 1720 inspecta

170 1757 295 1822 essent,
320 1749 573 1812 conscribentes
596 1770 712 1812 eorum
735 1731 1050 1822 demonstrationes
1071 1749 1165 1828 quod
1180 1767 1254 1808 om·

171 1857 224 1918 nis
246 1858 356 1936 portio
384 1867 543 1918 contenta
572 1878 592 1919 a
618 1866 713 1920 recta
742 1868 777 1919 et
805 1878 826 1918 a
855 1857 932 1919 coni
961 1855 1156 1937 rectanguli
1178 1875 1253 1916 sec-

168 1964 263 2025 tione
306 1965 522 2045 sesquitertia
562 1966 606 2026 sit
638 1965 809 2046 triangulo
852 1964 993 2026 habenti
1026 1963 1139 2024 basim
1173 1981 1253 2024 cum

170 2071 326 2151 portione
350 2073 504 2146 eandem,
528 2082 562 2134 et
585 2072 798 2133 altitudinem
811 2072 923 2133 eidem
938 2071 1116 2152 aequalem.
1150 2068 1253 2130 Nunc

172 2189 286 2240 autem
308 2180 520 2259 quorundam
551 2180 798 2242 occurrentium
819 2181 1078 2252 theorematum,
1102 2197 1181 2257 quae
1205 2175 1255 2237 ef·

169 2285 262 2348 fectu
284 2288 429 2367 probata
451 2285 618 2361 videntur,
650 2287 954 2348 demonstrationes
978 2284 1253 2364 conscripsimus,

73 2442 87 2467 ,¹
167 2394 245 2475 ipsa
260 2413 342 2455 vero
358 2394 550 2456 huiusmodi
562 2404 647 2456 sunt.
682 2394 832 2455 Primum
855 2393 1002 2472 quidem,
1025 2393 1119 2472 quod
1141 2391 1255 2453 omnis

168 2501 367 2582 superficies
393 2502 527 2582 spherae
547 2502 736 2581 quadrupla
755 2511 808 2562 est
834 2502 958 2563 circulo
975 2501 1010 2561 in
1029 2520 1071 2560 ea
1087 2499 1254 2560 maximo,
1341 2567 1342 2594 1

168 2609 305 2671 Deinde
328 2611 419 2690 quod
441 2608 632 2690 superficiei
654 2609 893 2690 cuiuscumque
916 2608 1079 2688 portionis
1103 2607 1254 2687 sphaerae

170 2717 313 2778 circulus
335 2717 391 2778 ille
415 2717 555 2796 aequalis
578 2725 639 2790 est,
663 2716 757 2778 cuius
776 2736 852 2796 quae
865 2737 911 2778 ex
923 2725 1039 2777 centro
1052 2714 1196 2794 aequalis
1208 2715 1256 2775 sit
1341 2711 1342 2732 ¹

168 2833 272 2885 rectae
295 2825 406 2886 ductae
429 2824 599 2904 avertice
619 2824 783 2905 portionis
803 2825 848 2885 ad
869 2823 992 2896 circuli,
1011 2823 1068 2903 qui
1084 2822 1181 2884 basis
1199 2832 1254 2882 est
1341 2801 1342 2848 f

170 2931 343 3011 portionis,
355 2931 670 2994 circumferentiam.
705 2933 764 2994 Ad
775 2934 851 2992 haec
862 2931 953 3011 quod
964 2931 1126 3008 cuiusque
1140 2930 1254 3009 sphae-

170 3057 218 3098 rae
231 3039 413 3119 cylindrus,
426 3038 484 3118 qui
495 3040 614 3100 basem
626 3039 754 3100 habeat
765 3039 925 3100 circulum
941 3038 975 3099 in
988 3039 1125 3118 sphaera
1140 3037 1254 3099 maxi-
1341 3061 1342 3092 ι

170 3165 263 3208 mum
286 3155 321 3207 et
343 3146 555 3208 altitudinem
573 3146 741 3226 aequalem
760 3147 904 3226 sphaerae
922 3145 1096 3217 diametro,
1121 3144 1254 3224 sesqui·
1341 3151 1342 3154 ’

169 3254 258 3315 alter
279 3252 440 3315 habetur:
472 3264 506 3316 et
533 3251 729 3332 superficies
761 3253 833 3314 eius
860 3273 936 3314 cum
963 3253 1103 3314 basibus
1133 3271 1253 3332 super·
1341 3291 1342 3358 l

171 3358 260 3421 ficiei
282 3361 428 3441 sphaerae
450 3370 503 3422 est
525 3360 643 3422 itidem
666 3360 897 3440 sesquialtera.
947 3359 1035 3422 H'aec
1057 3368 1173 3421 autem
1195 3379 1252 3420 ac·
1341 3367 1342 3428 l

172 3467 322 3530 cidentia
344 3477 466 3528 natura
487 3467 563 3546 ipsa
585 3467 719 3528 inerant
745 3468 838 3547 prius
861 3468 950 3530 circa
980 3467 1089 3529 dictas
1110 3465 1250 3546 figuras,

170 3595 289 3638 uerum
322 3596 391 3636 non
424 3573 559 3636 fuerant
591 3594 612 3634 a
644 3576 874 3655 superioribus
908 3575 1055 3654 cognita,
1089 3573 1250 3654 quiante

169 3704 297 3745 nos-
319 3673 471 3762 Reliqua
492 3700 572 3761 pars
594 3702 674 3762 pag.
703 3704 712 3742 1
740 3693 857 3757 uacat,
886 3693 921 3744 et
951 3683 1074 3743 deinde
1096 3701 1129 3761 p.
1156 3703 1171 3742 2
1198 3699 1249 3741 se-
1341 3707 1342 3758 ι

171 3791 303 3872 quitur?
324 3791 534 3852 »scribantur
557 3798 671 3850 autern
693 3789 807 3871 prius«
832 3799 910 3852 cett.
932 3807 934 3812 ’
1341 3773 1342 3776 ¹

257 3897 329 3963 Sed
360 3896 648 3960 necessitudinem
684 3897 832 3977 aliquam
865 3898 953 3959 inter
982 3898 1086 3958 libros
1113 3905 1246 3956 nostros

170 4006 382 4068 intercedere
406 4005 508 4066 etiam
532 4003 613 4064 alibi
641 4005 798 4084 adparet,
828 4024 905 4066 curn
934 4005 1077 4065 eaedem
1105 4003 1247 4063 lacunae

171 4113 206 4174 in
228 4113 385 4174 omnibus
408 4120 553 4182 exstent,
576 4110 687 4172 uelut:

257 4240 290 4300 p.
314 4223 415 4292 bow:
440 4218 584 4296 σύγκειται
607 4247 622 4277 ιι
642 4221 676 4297 τῇ
701 4219 790 4296 αβγδ·
812 4218 870 4280 ἀλλ’
894 4217 989 4298 ἐπειδὴ
1013 4220 1065 4280 ed.
1088 4217 1192 4278 Basil.
1216 4225 1248 4275 et
