2750 4594
644 299 680 356 Ι3

115 483 310 563 problema,
334 502 421 562 quae
443 501 506 563 per
527 482 624 544 huius
646 481 722 544 libri
744 481 990 564 propositiones
1013 481 1097 542 solui
1118 501 1195 562 pos·

116 569 203 640 sint;
238 587 350 648 neque
372 567 519 630 dubitari
541 575 669 649 potest,
703 568 784 647 quin
811 565 1036 629 Archimedes
1058 566 1132 647 ipse
1154 587 1195 630 ea

116 652 276 726 soluerit,
311 654 372 715 sed
394 673 474 714 num
499 652 698 715 solutionem
721 653 874 726 ediderit,
895 651 1079 726 nescimus;
1103 661 1194 714 certe

118 739 168 800 ad
192 758 255 800 nos
277 756 346 800 non
369 737 533 819 peruenit.

209 859 237 938 2)
292 857 463 938 Repperit
498 877 558 920 eos
599 855 735 918 N'icol.
770 855 974 918 Tartalea
1007 865 1042 918 et
1073 855 1195 917 librum

115 942 271 1024 priorem
296 942 400 1004 edidit
418 941 540 1004 Uenet.
568 963 657 1020 1543·
682 963 726 1020 4.,
749 961 769 1003 e
792 941 907 1005 codice
930 939 1063 1004 Graeco
1075 941 1194 1002 Latine

116 1047 260 1090 uersum
288 1048 357 1088 una
389 1047 465 1089 cum
497 1028 591 1089 libris
621 1028 664 1089 de
697 1027 1072 1107 aequeponderantibus
1094 1026 1194 1100 Ι-Π,

118 1115 164 1176 de
190 1115 397 1195 quadratura
419 1114 619 1193 parabolae,
647 1114 690 1174 de
721 1112 917 1175 dimensone
947 1112 1060 1174 circuli
1089 1113 1196 1193 (plura

119 1200 163 1260 de
187 1200 254 1261 hac
278 1199 426 1260 editione
449 1197 536 1260 infra
558 1198 729 1278 dicentur).
774 1197 853 1259 Eius
876 1196 978 1259 editio
1000 1198 1076 1260 libri
1097 1197 1196 1277 primi

120 1285 271 1365 repetita
293 1293 345 1346 est
367 1304 388 1344 a
409 1282 599 1345 Troiano
621 1282 780 1347 Curtio,
802 1282 925 1344 Uenet.
954 1288 1047 1360 1565.
1076 1306 1114 1360 4,
1138 1283 1196 1364 qui

123 1370 214 1432 idem
242 1369 370 1431 ibidem
403 1371 523 1430 eodem
551 1388 640 1430 anno
673 1367 983 1448 interpretationem
1016 1368 1195 1430 Tartaleae

123 1455 201 1516 libri
224 1454 257 1516 H
280 1454 393 1516 edidit.
437 1454 591 1534 Uterque
620 1453 718 1515 simul
739 1454 863 1515 deinde
892 1453 1001 1515 editus
1035 1461 1087 1515 est
1115 1473 1136 1514 a
1157 1453 1194 1515 F.

122 1539 426 1602 Commandino
459 1539 633 1601 Bononiae
671 1543 759 1616 1565.
789 1562 832 1616 4.,
866 1539 923 1618 qui
956 1539 991 1600 in
1017 1539 1070 1600 his
1101 1538 1195 1600 libris

121 1625 268 1687 edendis
290 1625 381 1686 nullo
393 1622 525 1686 Graeco
548 1625 664 1686 codice
686 1645 766 1686 usus
789 1633 842 1686 est
863 1623 978 1704 (praef.
991 1623 1046 1687 fol.
1062 1646 1096 1686 2:
1120 1643 1196 1686 curn
1266 1690 1269 1699 ,

123 1711 216 1786 enim'
255 1730 401 1792 graecus
439 1708 655 1772 Archimedis
695 1711 806 1772 codex
839 1710 987 1771 nondum
1020 1709 1055 1771 in
1086 1711 1196 1772 lucem

124 1795 279 1875 venerit).
313 1795 511 1858 Riualtus
534 1815 593 1857 eos
615 1793 748 1858 Graece
770 1794 916 1857 restituit
937 1793 979 1875 (p.
1004 1799 1082 1874 487:
1115 1815 1196 1875 quo·

122 1882 216 1942 niam
245 1880 353 1942 mutili
381 1889 492 1954 erant,
520 1881 577 1960 qui
605 1891 789 1961 sequuntur
822 1879 913 1954 libri,
948 1879 1195 1961 deficiebatque

120 1976 315 2047 temporum
338 1966 450 2028 omnia
479 1967 697 2028 exedentium
725 1966 845 2028 iniuria
871 1962 1022 2028 Graecus
1045 1966 1195 2028 authoris

122 2061 307 2115 contextus
340 2051 540 2130 (habebatur
574 2051 663 2113 enim
693 2053 860 2114 duntaxat
892 2050 998 2112 latina
1027 2053 1196 2131 quaedam

122 2138 251 2210 versio,
286 2136 387 2198 etiam
419 2137 525 2198 multa
553 2157 599 2198 ex
625 2146 724 2218 parta
757 2156 873 2199 arrosa
901 2146 935 2197 et
962 2137 1085 2198 detrita
1113 2157 1195 2218 prae

122 2223 309 2298 vetustate)
336 2222 470 2283 nomine
497 2221 763 2304 fragmentorum
791 2221 966 2284 emittendi
993 2222 1197 2284 videbantur

123 2318 198 2381 cet,
211 2305 366 2370 Graecae
388 2307 643 2388 propositiones,
661 2317 698 2370 ut
714 2309 749 2371 in
768 2307 889 2370 ceteris
911 2307 1006 2389 libris
1027 2309 1195 2388 leguntur,

123 2393 253 2455 Dorica
285 2393 400 2474 lingua
429 2391 627 2455 Archimedi
654 2393 809 2456 familiari
838 2413 859 2454 a
892 2393 989 2454 nobis
1020 2393 1196 2456 restitutae

123 2481 217 2560 cet.);
241 2488 276 2540 et
297 2488 418 2558 postea
429 2476 472 2540 A.
484 2478 623 2540 Maius
650 2478 750 2542 Auct.
774 2479 870 2540 class,
888 2478 947 2558 Ip.
962 2499 1109 2557 427—30
1121 2478 1197 2562 libri

124 2564 144 2625 I'
163 2584 284 2645 propp.
315 2563 400 2624 VIH
427 2563 557 2645 priores
585 2562 718 2627 Graece
748 2563 853 2626 edidit
885 2583 923 2624 »e
947 2565 1078 2625 duobus
1107 2565 1196 2626 codi-

124 2649 222 2710 cibus
244 2647 449 2722 Vaticanis«,
473 2648 815 2712 demonstrationibus
837 2667 905 2709 non
928 2647 1060 2712 additis,
1084 2685 1125 2692 —

163 2740 168 2750 ’
210 2756 283 2818 Iam
301 2755 451 2838 singulos
462 2756 565 2818 libros
583 2775 819 2819 recenseamus
837 2775 1068 2835 summamque
1081 2775 1197 2817 eorum

123 2863 324 2925 breuissime
357 2863 559 2938 indicemus;
593 2864 897 2927 demonstrationes
930 2863 1021 2944 ipsas
1053 2864 1197 2944 plerum-

125 2991 192 3054 que
222 2970 454 3033 subtilissimas
483 2981 518 3034 et
545 2972 761 3054 longissimas
789 2972 844 3034 hic
865 2971 992 3034 referre
1016 2991 1037 3032 a
1058 2972 1197 3034 consilio

123 3079 224 3141 huius
256 3077 361 3139 libelli
394 3079 562 3142 abhorret.
624 3080 743 3160 Itaque
776 3079 920 3161 primum
953 3081 995 3140 de
1028 3099 1197 3160 geome-

129 3187 249 3249 tricis
271 3185 443 3266 scriptis
466 3207 616 3268 agamus

211 3293 250 3356 In
262 3314 303 3355 eo
315 3293 417 3374 igitur
428 3295 523 3368 libr0‚
536 3295 594 3376 qui
612 3293 803 3356 inscribitur
817 3317 986 3375 τετραγω
995 3296 1120 3375 νισμὸς
1135 3318 1197 3355 πα-

123 3403 308 3482 ραβολῆς
347 3402 373 3482 1)
403 3402 595 3483 praemissis
619 3401 793 3464 elementis
823 3401 947 3464 conicis
977 3396 1049 3464 dine
1074 3404 1197 3465 demon

126 3508 344 3572 strationibus
367 3509 495 3591 (propp.
518 3509 638 3591 I—III)
666 3509 758 3590 prius
777 3498 990 3572 'mechanicis
1013 3509 1198 3578 rationibus

126 3624 342 3698 segmentum
363 3618 546 3696 parabolae
570 3616 713 3698 quoduis
742 3618 786 3678 ad
814 3617 1020 3698 triangulum
1053 3620 1197 3680 eandem

124 3723 236 3785 basim
263 3724 475 3804 eandemque
503 3724 713 3786 altitudinem
734 3725 919 3787 habentem
939 3745 1015 3786 eam
1033 3725 1197 3788 rationem

126 3832 254 3893 habere
277 3833 534 3906 demonstratur,
558 3851 659 3912 quam
678 3855 698 3909 4
715 3832 759 3894 ad
779 3854 796 3910 3
821 3832 950 3913 (propp.
968 3831 1196 3914 IV-XVII);

128 3938 205 4001 dein
217 3939 307 4000 idem
318 3939 525 4019 geometrice
537 3939 726 4001 ostenditur
737 3938 865 4021 (propp.
882 3937 1196 4021 XVHI—XXIV).

126 4045 168 4106 U.
191 4044 295 4126 praef.
318 4065 351 4126 p.
379 4050 432 4108 18:
455 4046 675 4127 ἀναγράψαντες
702 4044 750 4105 οὖν
774 4047 861 4106 αὐτοῦ
884 4048 935 4112 τὰς
955 4047 1111 4116 ἀποδείξεις
1132 4047 1198 4104 ἀπο-

128 4152 292 4232 στέλλομεν,
315 4154 426 4233 πρῶτον
445 4153 498 4233 μὲν
525 4152 567 4218 ὡς
587 4154 633 4212 διὰ
655 4156 710 4212 τῶν
736 4157 900 4237 μηχανικῶν
923 4153 1092 4235 ἐθεωρῆθη,
1122 4154 1198 4234 μετὰ

129 4261 216 4318 ταῦτα
238 4259 271 4318 δὲ
292 4260 339 4318 καὶ
361 4257 403 4323 ὡς
424 4259 470 4318 διὰ
493 4262 548 4318 τῶν
576 4260 834 4340 χεωμετμουμένων
858 4261 1063 4320 ἀποδείκνυται.
