2750 4594
734 269 774 328 68

112 549 118 560 ⁶
214 466 328 526 πλίνθου
354 466 452 544 (uers.
482 469 534 548 36)
564 467 752 539 dubitatur;
780 467 967 548 significat,
994 468 1030 530 ni
1061 466 1175 540 fallor,
1208 466 1289 527 nihil

214 573 297 635 nisi:
332 575 606 655 quadrangulum
636 575 779 636 solidum
811 575 854 652 (h.
885 595 914 636 e.
942 575 1050 636 boues
1079 574 1114 636 in
1140 573 1290 654 speciem

215 681 446 762 quadranguli
467 681 675 760 instructos);
705 700 882 768 numerum
910 683 1113 760 quadratum
1134 701 1212 742 esse
1235 682 1290 740 de-

213 788 298 850 bere
321 788 404 849 satis
431 789 523 848 clare
550 786 777 867 significatum
803 798 857 850 est
885 809 972 850 uers,
1003 811 1060 866 34:
1088 789 1234 868 ἰσόμετροι
1255 789 1293 852 εἰς

212 896 312 973 βάθος
321 897 363 958 εἷς
371 891 458 974 εὖρός
477 915 518 962 τε,
531 905 566 956 et
576 896 698 956 eodem
720 897 821 956 modo
833 897 966 976 accepit
976 897 1185 958 scholiastes.
1228 894 1290 973 (Ne

213 1004 249 1065 in
276 1003 342 1063 hoc
372 1001 510 1080 quidem
537 1022 639 1063 uersu
667 1003 863 1064 coniectura
888 1003 1076 1064 Hermanni
1103 1003 1289 1083 probanda,

213 1109 277 1190 πέρι
303 1109 400 1188 μήκεα
429 1108 609 1176 scribentis
638 1128 700 1188 pro
728 1110 902 1189 περιμήκεα;
932 1111 980 1172 sic
1008 1111 1098 1172 enim
1127 1111 1290 1190 interpre·

213 1217 340 1278 tandus
362 1226 490 1280 est:.et
511 1216 624 1297 campi
645 1216 739 1296 longi
760 1216 888 1294 latique
900 1215 1119 1279 Thrinacriae
1141 1218 1291 1295 undique
1350 1245 1351 1252 ¹

212 1325 325 1386 bobus
347 1324 605 1403 complebantur
626 1323 674 1384 ita
695 1323 879 1395 instructiS‚
911 1332 949 1384 ut
970 1323 1163 1385 efficeretur
1181 1323 1291 1405 figura

214 1431 472 1511 quadrangula.)

212 1565 217 1573 ·
301 1535 476 1598 Numeria
491 1537 674 1598 scholiasta
695 1537 862 1617 propositi
883 1537 921 1616 (x
935 1541 1291 1620 †y=1426159680,

213 1665 234 1706 v
264 1655 301 1712 -t-
331 1663 347 1704 z
374 1673 415 1696 =
445 1645 647 1724 920595760)
676 1643 850 1705 extremas
877 1645 962 1705 duas
989 1643 1209 1707 condiciones
1237 1643 1292 1705 mi-

213 1752 305 1814 nime
347 1752 503 1832 explent,
543 1750 699 1829 quamuis
739 1750 814 1830 ipse
847 1752 1032 1812 contendat
1064 1752 1168 1832 (apud
1209 1752 1291 1814 Her·

213 1878 377 1921 mannum
398 1878 431 1939 p.
456 1861 494 1938 7).
547 1857 620 1918 Nos
648 1858 693 1918 ad
720 1857 872 1917 ultimam
900 1857 1138 1936 aequationem
1161 1861 1291 1920 soluen-

213 1967 293 2027 dam
326 1963 547 2027 fractionibus
581 1964 748 2025 continuis
776 1973 961 2038 uteremur,
991 1983 1200 2044 quamquam
1230 1967 1290 2026 hoc

212 2075 288 2135 loco
311 2092 443 2134 summa
465 2070 664 2133 difficultate
697 2072 742 2132 ob
775 2089 991 2133 numerorum
1020 2073 1290 2152 magnitudinem

212 2180 387 2262 ingentem
411 2180 453 2258 (u.
477 2177 704 2240 Nesselmann
726 2197 758 2258 p.
782 2183 842 2257 487
867 2181 944 2258 sq.);
975 2177 1203 2240 Archimedes
1227 2198 1289 2258 quo

213 2289 316 2348 modo
348 2307 407 2348 eas
435 2286 587 2358 soluerit,
617 2286 795 2348 nescimus,
851 2285 891 2346 In
918 2286 1066 2347 numeris
1094 2286 1309 2367 ingentibus
1352 2308 1353 2402 p

213 2393 401 2455 tractandis
423 2393 496 2454 sine
519 2393 623 2454 dubio
646 2393 808 2453 methodo
836 2412 939 2472 supra
968 2392 1127 2472 exposita
1156 2393 1290 2454 adiutus
1352 2411 1353 2418 ¹

214 2509 275 2573 est,
305 2509 341 2561 et
367 2501 434 2562 hoc
464 2518 601 2579 quoque
622 2500 777 2571 uidimus
800 2517 878 2560 eum
900 2499 1049 2561 rationes
1071 2498 1288 2578 computandi

212 2608 387 2680 habuisse,
417 2626 507 2686 quae
534 2605 755 2674 fractionibus
784 2605 952 2666 continuis
983 2624 1052 2666 non
1074 2606 1178 2666 multo
1208 2604 1289 2667 infe·

213 2714 320 2776 riores
342 2722 467 2776 essent.
512 2711 566 2774 Ne
594 2713 660 2773 hoc
693 2711 831 2790 quidem
863 2710 1112 2773 Nesselmanno
1146 2719 1191 2793 (p.
1215 2715 1289 2790 491)

213 2821 479 2894 concedendum,
502 2817 654 2882 Graecos
683 2817 900 2880 Archimedis
927 2817 1136 2898 temporibus
1165 2820 1210 2880 de
1232 2838 1289 2881 nu·

212 2927 315 2987 meris
343 2927 568 3008 trigonalibus
595 2927 746 2987 nondum
773 2923 998 3004 quaesiuisse;
1029 2925 1173 3005 adparet
1200 2927 1289 2987 enim

213 3052 259 3093 ex
292 3032 505 3094 arithmetica
534 3030 749 3104 Nicomachi,
784 3031 842 3110 qui
871 3031 1110 3113 Pythagoreos
1140 3032 1289 3092 maxime

213 3149 348 3200 secutus
365 3157 581 3199 numerorum
597 3139 854 3218 polygonalium
871 3139 1038 3200 theoriam
1056 3137 1286 3218 copiosissime

211 3245 386 3317 tractauit,
417 3245 634 3323 quaestiones
663 3245 707 3304 de
734 3245 1000 3325 proprietatibus
1028 3246 1149 3307 horum
1171 3265 1286 3306 nume·

212 3371 326 3412 rorum
349 3351 432 3413 satis
455 3351 601 3430 antiquis
631 3351 842 3431 temporibus
863 3351 966 3413 initas
989 3371 1074 3413 esse.
1110 3349 1200 3412 Nam
1222 3352 1285 3413 hoc

211 3457 272 3520 uix
294 3471 501 3540 quemquam
530 3458 658 3519 moueri
688 3467 788 3538 puto,
817 3459 908 3536 quod
935 3456 1065 3519 numeri
1093 3459 1137 3519 ab
1164 3456 1285 3520 Archi-

211 3567 312 3652 mede
334 3564 516 3646 significati
537 3565 607 3626 tam
629 3565 786 3645 ingentes
808 3572 901 3636 sunt,
931 3574 968 3625 ut
996 3573 1069 3625 tota
1098 3563 1214 3628 Sicilia
1236 3573 1285 3626 tot

210 3671 319 3734 boues
341 3689 465 3751 capere
487 3691 554 3733 non
576 3672 723 3752 potuerit
744 3671 980 3750 (Nesselmann
1001 3691 1034 3752 p.
1046 3677 1118 3751 487,
1131 3669 1189 3732 cfr.
1203 3671 1283 3751 490).

296 3778 407 3839 Huius
436 3778 539 3859 igitur
568 3777 804 3859 disputationis
834 3797 965 3839 summa
997 3780 1083 3840 haec
1117 3788 1186 3850 est,
1219 3777 1285 3838 Ar-

212 3884 403 3946 chimedem
424 3893 561 3964 praeter
582 3885 712 3946 minora
734 3884 903 3963 quaedam
925 3885 1162 3964 supplementa
1184 3885 1283 3946 arith·

210 3990 364 4063 meticae,
388 3991 496 4068 qualis
518 3993 562 4052 ab
584 3990 723 4053 Euclide
746 3985 871 4054 tradita
892 4000 981 4064 erat,
1010 3991 1282 4071 proportionibus

211 4097 361 4158 maxime
383 4116 480 4158 usum
503 4099 548 4159 ad
569 4117 675 4159 nouas
704 4096 928 4176 difficilesque
958 4098 1175 4176 quaestiones
1208 4117 1281 4178 pro·
