2714 4570
691 342 749 384 202

272 520 322 577 τοῦ
349 520 477 601 ψάμμου]
506 523 622 604 ψάμμος
639 527 678 598 ¹in
707 527 761 586 hoc
790 527 887 586 libello
910 549 1023 605 semper
1046 533 1122 605 gen'
1135 535 1258 592 mascul.

132 681 136 689 ,
188 634 241 698 est,
265 629 342 704 quod
364 631 414 687 uix
438 630 506 687 alibi
528 632 665 692 occurrit.

273 739 300 794 3.
324 734 489 819 Ζεύξιππον]
500 742 617 814 ignotus
634 750 694 814 est3
719 745 775 802 fuit
793 741 905 805 ¹amicus
929 746 1121 818 Archimedis,
1146 750 1199 826 qui
1225 751 1262 807 nd

188 863 261 921 eum,
292 851 324 902 ut
346 845 384 901 ad
413 844 558 903 Cononem
588 855 616 905 et
647 847 829 922 Dositheum,
859 853 965 910 librum
993 856 1139 930 quendam
1170 860 1261 930 rnisIt,

188 952 233 1006 cui
255 971 360 1009 nomen
378 958 445 1030 verat
467 947 576 1034 ΪΙοχαίς
598 955 615 1032 ξ
639 959 671 1024 7;
696 957 748 1026 III,
770 960 800 1029 ·l,

272 1060 300 1118 4.
324 1057 404 1136 διότι]
427 1062 445 1118 i.
469 1082 496 1137 q.
521 1059 575 1133 ὅτις
598 1063 635 1134 ΙΙ,
660 1066 695 1134 3;
723 1065 775 1123 cfr.
800 1083 888 1144 supra
910 1088 939 1143 p.
966 1069 1034 1128 150.

271 1161 450 1248 Ἀρισταρχος
484 1167 516 1228 δὲ
554 1171 625 1247 κτλ.]
665 1171 733 1230 hine
767 1173 998 1234 concludendum
1031 1186 1111 1236 esse*
1129 1177 1262 1250 uidetur,

187 1273 398 1344 Aristarchum,
429 1275 612 1336 Archimedis
635 1277 795 1354 aequalem,
825 1279 932 1337 librum
955 1281 1090 1352 edidisse,
1122 1280 1174 1359 qui
1198 1283 1263 1341 ὑπο·

186 1379 284 1446 θέσεις
302 1383 460 1458 insorIptus
483 1391 567 1443 esset.
612 1385 656 1442 Ibi
679 1387 875 1444 coniecturam
897 1387 976 1446 illam
998 1389 1035 1446 ab
1053 1389 1124 1450 ‘aliis
1141 1411 1261 1469 quoque

186 1488 377 1565 scriptoribus
406 1499 660 1551 commemoratam
691 1494 783 1564 (uelut
810 1515 827 1551 a
859 1495 1017 1554 Plutarcho
1061 1497 1105 1555 De
1127 1499 1199 1556 luna
1225 1503 1260 1569 6;

163 1594 304 1666 ‚Quaest
331 1596 444 1654 Platon.
474 1597 551 1668 VIII,
584 1599 615 1674 lt
642 1616 843 1674 proposuerat,
877 1607 987 1660 terram
1021 1605 1134 1662 circum
1170 1607 1260 1664 solem

187 1703 375 1761 cIrcumuolui
398 1704 427 1781 (§
471 1708 492 1784 )

272 1816 300 1874 5.
323 1811 356 1877 ὅς
380 1810 454 1872 ἐστιν
484 1811 513 1872 ἐν
539 1813 622 1895 μέσῳ
653 1815 725 1893 κτλ.]
753 1815 786 1880 ὅς
812 1818 940 1875 retertur
962 1817 1000 1875 ad
1022 1818 1070 1876 τὸν
1093 1817 1183 1877 ἅλιον.
1226 1822 1259 1878 In

185 1920 261 1979 Iibro
288 1922 337 1980 illo
360 1922 549 1980 Aristarchus
580 1917 709 1994 dinerat,¹
728 1923 875 2000 eircqum,
900 1943 958 2001 quo
980 1933 1060 1983 terra
1082 1933 1257 1995 moneretur,

185 2028 223 2086 ad
246 2033 390 2088 astrorum
413 2028 582 2087 distantiam
609 2047 673 2086 eam
702 2031 844 2088 rationem
867 2031 984 2104 habere,
1013 2053 1101 2109 quam
1125 2039 1254 2090 centrum

187 2134 328 2210 sphaerae
355 2135 393 2192 ad
416 2135 607 2212 superficiem.
653 2136 710 2195 Sed
732 2140 868 2214 quoniam
892 2146 1023 2198 centrum
1046 2147 1188 2216 punctum
1212 2142 1258 2211 sit,

186 2237 220 2299 οὔ
240 2239 331 2321 μέρος
351 2239 433 2300 οὐδέν
454 2242 582 2322 (Euclid.
606 2245 620 2302 I
643 2244 701 2301 def.
722 2244 762 2320 1),
786 2246 977 2306 Archimedes
998 2248 1173 2323 suspicatur,
1198 2269 1257 2305 eum

185 2350 240 2408 hoc
263 2350 360 2408 dicere
382 2349 517 2422 uoluisse,
543 2358 653 2408 terram
676 2351 714 2408 ad
731 2352 871 2410 mundum
887 2353 966 2411 illam
984 2355 1129 2413 rationem
1147 2353 1254 2426 habere,

186 2477 249 2516 eum
272 2465 352 2517 terra
373 2437 457 2535 quasi
480 2467 611 2517 centrum
634 2461 673 2520 sit
689 2460 799 2520 mundi.
844 2459 902 2518 Sed
921 2461 983 2517 ueri
1006 2461 1098 2518 simile
1118 2467 1169 2532 est,
1190 2462 1246 2516 Ari-

186 2566 336 2624 starchum
368 2566 432 2644 hoc
454 2571 568 2624 tantum
596 2565 784 2642 significasse,
816 2567 985 2625 distantiam
1020 2573 1165 2627 astrorum
1192 2573 1244 2624 tam

186 2674 356 2732 immensam
384 2691 455 2750 esee,
485 2679 519 2732 ut
538 2673 675 2747 eirardus,
702 2693 760 2751 quo
781 2682 862 2734 terra
885 2675 1006 2745 feratur,
1036 2677 1074 2734 ad
1097 2697 1162 2734 eam
1185 2696 1253 2734 com-

185 2788 305 2859 paratus
339 2783 441 2859 puncti
470 2780 565 2838 locum
596 2781 737 2842 obtineat.
790 2781 924 2859 Alioquin
955 2802 1015 2840 non
1043 2783 1184 2846 dixisset:
1217 2783 1259 2840 τὸν

187 2885 296 2956 κύκλον,
329 2883 395 2947 καθ’
429 2887 460 2946 ὃν
480 2890 511 2947 ’ἁ
540 2893 579 2967 γᾶ
600 2886 790 2970 περνρερέται,
825 2891 884 2961 sed,
920 2897 956 2948 ut
983 2891 1178 2951 Archimedes
1201 2893 1262 2968 ipse

187 2993 265 3052 infra
296 2995 442 3072 loquitur:
476 2993 526 3054 τὰν
556 2999 690 3074 σφαῖραν,
724 2993 754 3053 ἐν
784 2990 803 3078 ᾇ
832 2995 906 3055 ἐστιν
936 2997 953 3053 ὁ
984 2993 1085 3061 κύκλος
1113 2998 1172 3054 κτλ.
1207 2995 1266 3054 ὓΙν.

189 3105 349 3164 Arietareh.
396 3105 439 3164 De
468 3103 537 3165 dist.¹
568 3107 627 3166 lun.
651 3112 681 3165 et
703 3109 755 3168 eol.
779 3107 855 3171 thes.
879 3109 916 3166 2:
948 3107 997 3186 rhu
1019 3108 1070 3184 γῆν
1093 3108 1214 3186 σημείου
1239 3116 1274 3164 τε]

188 3211 234 3270 καὶ
261 3210 378 3293 κέντρου
403 3213 486 3292 λόγον
512 3209 589 3296 ἔχειν
617 3213 687 3292 πρὸς
715 3213 762 3294 τὴν
785 3216 836 3293 τῆς
856 3213 973 3294 σελήνης
994 3218 1141 3293 σφαῖρανς
1170 3213 1272 3273 Ptole·

189 3340 289 3378 maeus
317 3317 392 3379 σύντ.
420 3321 457 3396 II,
487 3325 504 3379 5
534 3343 563 3398 p.
593 3323 649 3380 74:
678 3321 724 3380 καὶ
752 3317 813 3380 ἐπεὶ
839 3320 888 3401 ὅλη
920 3322 937 3402 ἡ
966 3324 1001 3401 γῆ
1025 3322 1144 3402 σημείου
1167 3341 1200 3379 τε
1222 3321 1273 3380 καὶ

189 3429 306 3510 κέντρου
328 3431 410 3509 λόγον
431 3428 494 3514 ἔχει
516 3432 588 3511 πρὸς
608 3431 656 3512 τὴν
680 3432 730 3492 τοῦ
759 3432 835 3513 ἡλίου
862 3437 996 3511 σφαῖραν.
1041 3432 1272 3506 Quare'putan-

191 3539 260 3596 dnm
288 3547 347 3617 est,¹
371 3540 574 3598 Archimedem
602 3542 775 3599 sententiam
798 3541 963 3600 Aristarchi
986 3557 1044 3598 non
1066 3537 1272 3607 intellexieee;

192 3647 243 3705 sed
267 3646 321 3704 hoc
345 3646 382 3704 ad
404 3647 587 3724 propositum
610 3649 671 3704 eius
694 3647 767 3706 nibil
788 3648 888 3706 refert.

278 3761 305 3814 8.
329 3750 370 3818 ὡς
390 3747 412 3810 λ’
433 3749 580 3832 μυριάδων
601 3751 738 3834 σταδίων]
762 3752 944 3828 significatur
968 3756 1028 3814 sine
1051 3752 1140 3812 dubio
1161 3749 1273 3811 Erato-

193 3862 319 3932 sthenes,
349 3862 399 3938 qui
428 3861 708 3919 circuitum'terrae
736 3862 873 3919 ducenta¹
888 3860 1101 3956 quinquaginta
1122 3859 1181 3918 duo
1204 3860 1273 3916 mil·

192 3969 232 4027 lia
259 3970 420 4029 stadiorum
447 3987 509 4030 esse
536 3978 730 4047 proposuerat
757 3969 961 4046 (Bernhardyz
989 3969 1139 4029 Eratosth.
1171 3987 1201 4044 p.
1227 3970 1269 4029 57

194 4085 259 4155 sq).
303 4077 377 4136 Hinc
398 4097 463 4136 cum
480 4079 551 4138 satis
574 4077 725 4154 adpareat,
749 4078 953 4137 Archimedem
975 4080 1070 4154 ipsum
1094 4076 1131 4136 de
1154 4076 1272 4135 a‘mbItu

194 4193 291 4255 terrae
314 4187 514 4262 quaestionem
536 4205 593 4244 non
616 4187 724 4257 iniisse,
748 4186 910 4264 putandum
933 4192 987 4257 est,
1009 4183 1188 4240 Martiarum
1211 4182 1272 4239 Ga-
