2750 4594
655 322 691 378 41

124 525 219 587 puy:
243 504 332 566 Hist.
357 507 399 566 de
420 506 537 566 l'acad.
562 506 623 566 des
646 505 743 566 inser.
767 501 869 566 XLII
891 522 923 582 p.
948 504 1106 582 429-*35)
1129 512 1217 564 tam-

126 632 236 692 quam
277 610 495 673 Archimedis
536 613 686 692 exponit.
743 609 809 673 Cfr.
844 609 927 672 Chil.
961 609 1028 683 IV,
1071 613 1213 688 506-7;

126 719 306 780 Homeris.
340 737 389 798 47.
442 719 513 782 Sed
546 725 657 799 neque
691 718 855 800 Polybius
889 716 979 796 (nam
1008 735 1214 796 quamquam

126 826 330 906 fragmenta
356 835 486 887 tantum
515 825 613 894 huius
641 827 748 906 partis
776 824 888 904 operis
914 823 1049 905 Polybii
1066 833 1213 896 exstant,

127 944 250 994 tamen
275 953 353 995 eum
380 934 520 1012 specula
549 952 617 994 non
644 951 929 996 commemorasse
956 933 1035 992 inde
1063 931 1217 1012 intellegi

129 1049 263 1121 potest,
299 1041 390 1118 quod
420 1040 535 1101 Liuius
564 1040 712 1120 uestigia
742 1041 813 1101 eius
842 1058 1002 1118 premens
1030 1038 1113 1099 nihil
1142 1039 1216 1099 eius

130 1147 227 1208 modi
249 1147 367 1226 habet)
390 1165 501 1225 neque
524 1145 742 1219 Plutarchus,
765 1163 970 1225 quamquam
992 1145 1028 1206 in
1049 1146 1215 1207 machinis

134 1253 355 1314 Archimedis
378 1253 591 1314 celebrandis
620 1253 716 1313 multi
746 1263 839 1324 sunt,
869 1252 968 1313 huius
997 1252 1047 1313 rei
1075 1253 1217 1314 mentio-

132 1379 213 1421 nem
236 1359 401 1421 fecerunt.
451 1359 592 1422 Constat
614 1359 724 1440 igitur,
749 1351 844 1440 apud
862 1359 1066 1438 posteriores
1089 1358 1216 1422 famam

131 1468 302 1528 incertam
325 1465 429 1528 fuisse
451 1467 614 1547 paulatim
638 1475 856 1536 crescentem,
880 1465 1126 1528 Archimedem
1148 1485 1216 1528 uno

133 1574 297 1650 (Zonaras
321 1574 441 1634 saltem
471 1575 513 1634 de
542 1559 609 1634 uho
632 1573 770 1653 speculo
793 1573 949 1654 loquitur)
978 1573 1033 1635 uel
1062 1573 1217 1654 pluribus

133 1681 284 1760 speculis
308 1681 452 1760 classem
475 1680 669 1741 Romanam
693 1680 933 1754 combussisse;
957 1700 1000 1742 ne
1028 1679 1215 1742 Anthemio

133 1789 275 1868 quidem
305 1788 403 1867 plura
431 1798 513 1849 nota
536 1797 640 1849 erant.
694 1786 764 1850 Sed
786 1787 864 1849 huic
893 1787 1007 1848 famae
1037 1809 1057 1848 a
1086 1788 1217 1868 grauis·

135 1895 233 1956 simis
269 1895 462 1956 auctoribus
503 1903 638 1974 spretae
668 1893 754 1954 fides
788 1894 925 1956 minime
962 1895 1124 1956 habenda
1154 1903 1214 1956 est.
1276 1883 1279 1888 ’

135 2001 299 2064 Ceterum
332 2000 406 2062 fieri
433 2021 550 2081 posse,
581 2011 618 2062 ut
647 2001 777 2063 ratione
801 2003 844 2062 ab
868 2001 1054 2063 Anthemio
1077 2001 1218 2081 excogi-

134 2119 211 2171 tata
245 2109 375 2190 lignum
410 2119 445 2170 et
482 2109 603 2169 similia
647 2109 792 2188 speculis
832 2109 943 2189 planis
977 2110 1216 2181 accendantur,

134 2216 291 2279 ostendit
319 2214 501 2288 Buffonus;
532 2217 594 2278 sed
622 2217 687 2277 hoc
716 2218 760 2277 ad
789 2226 939 2278 nostram
973 2216 1216 2296 quaestionem,

135 2343 229 2404 quae
257 2331 329 2384 tota
356 2321 518 2385 historica
540 2333 607 2396 est,
638 2323 720 2384 nihil
748 2325 904 2403 pertinet.
956 2325 1011 2385 De
1042 2323 1141 2384 simili
1168 2323 1217 2383 fa-

132 2431 229 2502 bula,
253 2449 341 2509 quae
364 2432 407 2492 de
436 2431 559 2492 Proclo
587 2431 794 2503 traditur,'u.
818 2429 1054 2492 Boissonnade
1068 2431 1122 2491 ad
1144 2429 1217 2490 Ma-

133 2539 201 2600 rini
225 2538 330 2599 uitam
353 2538 465 2599 Procli
487 2559 519 2618 p.
543 2537 674 2598 XXVI
697 2557 746 2617 sq.

224 2633 253 2705 E
275 2645 388 2706 multis
411 2644 632 2724 scriptoribus
650 2643 901 2715 recentioribus,
925 2642 982 2722 qui
1005 2644 1048 2704 de
1071 2643 1218 2722 speculis

132 2730 356 2792 Archimedis
374 2730 639 2810 disputauerunt,
663 2730 726 2790 hos
747 2737 879 2790 tantum
901 2728 1054 2790 nomino:
1079 2727 1216 2790 Oetin-

133 2835 225 2898 ger:
264 2810 319 2875 De
348 2815 485 2895 speculo
507 2813 734 2875 Archimedis,
779 2813 925 2894 Tubing.
954 2833 1042 2892 1725.
1067 2835 1095 2889 4.
1140 2813 1217 2874 De·

133 2901 308 2962 lambro:
347 2897 412 2962 Sur
438 2919 485 2959 un
508 2918 663 2960 nouveau
696 2898 812 2962 miroir
842 2899 963 2959 ardent
985 2897 1030 2976 (in
1051 2896 1219 2978 Peyrardi

133 2983 419 3064 interpretatione
442 2983 527 3063 Hp.
553 2987 613 3060 498
638 2985 708 3063 sq.).
753 2983 873 3044 Plures
895 3003 926 3045 u.
950 2983 1042 3063 apud
1063 2981 1217 3043 Wilde:

138 3069 251 3150 Optik
275 3070 306 3130 d.
330 3067 501 3131 Grie'chen
524 3068 649 3146 (Berlin
677 3073 766 3144 1832.
790 3070 820 3147 4)
842 3089 874 3148 p.
900 3089 949 3147 27.

231 3173 423 3256 Sphaera.
473 3175 582 3238 Huius
613 3175 726 3255 operis
756 3175 930 3238 clarissimi
958 3183 992 3236 et
1021 3173 1220 3255 ingeniosis-

140 3283 220 3345 simi
253 3282 515 3362 descriptionem
544 3283 626 3344 satis
659 3283 874 3364 perspicuam
904 3281 1000 3342 dedit
1028 3280 1145 3343 Cicero
1177 3282 1220 3342 de

139 3390 275 3470 republ.
316 3390 346 3462 I,
382 3409 524 3452 21-22:
565 3391 703 3472 (Philus)
743 3390 908 3452 memoria
940 3398 1042 3450 teneo
1076 3387 1111 3450 C.
1146 3386 1222 3474 Sul-

140 3497 269 3578 picium
283 3494 437 3576 Gallum,
534 3517 610 3559 cum
712 3507 803 3559 esset
825 3517 907 3559 casu
938 3497 1029 3576 apud
1056 3495 1102 3557 M.
1131 3495 1223 3556 Mar·

142 3605 267 3667 cellum
296 3652 361 3678 ...‚
390 3605 585 3684 sphaeram,
617 3625 719 3684 quam
746 3605 792 3667 M.
822 3603 977 3665 Marcelli
1006 3622 1090 3664 auus
1113 3605 1223 3683 captis

143 3711 327 3793 Syracusis
367 3731 412 3772 ex
450 3713 536 3773 urbe
574 3711 839 3792 locupletissima
871 3720 973 3791 atque
1008 3710 1225 3772 ornatissima

143 3818 351 3890 sustulisset,
385 3837 461 3880 cum
500 3819 592 3880 aliud
624 3819 707 3880 nihil
740 3839 785 3880 ex
815 3828 911 3880 tanta
932 3819 1063 3898 praeda
1085 3820 1223 3880 domum

144 3945 243 3987 suam
265 3924 522 4005 deportauisset,
540 3925 676 4015 iussisse
689 3926 849 4006 proferri:
868 3925 962 3987 cuius
974 3945 1042 4007 ego
1054 3909 1223 4006 'sphaerae

144 4051 222 4094 cum
251 4049 418 4111 persaepe
445 4041 584 4112 propter
612 4032 812 4095 Archimedi
843 4031 989 4113 gloriam
1017 4052 1142 4094 nomen
1166 4051 1224 4093 au·

144 4139 287 4212 dissem,
322 4138 471 4218 speciem
503 4139 613 4219 ipsam
646 4160 715 4201 non
749 4160 823 4202 sum
856 4148 952 4202 tanto
982 4159 1087 4220 opere
1118 4137 1223 4199 admi·
