2750 4594
669 291 709 364 38

152 483 356 552 Παλύσπαστος
381 489 582 550 describitur
611 492 656 552 ab
678 491 818 554 Herone
846 493 1055 572 (Mathemat
1085 503 1167 557 uett.
1195 516 1228 577 p.

155 595 309 674 128-29)
333 604 368 656 et
390 595 539 678 [Pappo]
563 597 647 660 VIII
668 619 701 680 p.
725 621 798 679 377.
849 601 970 682 Itaque
999 604 1065 665 hoc
1097 612 1230 666 tanturn

150 710 300 763 statuere
337 703 433 776 licet,
466 703 711 768 Archimedem
743 707 936 770 machinam
963 709 1127 790 aliquam,
1161 729 1230 790 qua

126 877 129 882 ,
150 827 278 890 magna
299 829 405 872 onera
425 812 564 874 minimo
592 815 709 876 labore
746 824 978 888 mouerentur,
1011 817 1231 897 excogitasse

151 935 260 996 eaque
281 936 406 979 nauem
427 917 588 981 Hieronis
611 922 807 995 deduxisse,
836 932 874 983 ut
895 925 1107 997 ostenderet,
1130 943 1168 985 se
1191 944 1229 986 re

151 1043 234 1085 uera
254 1024 432 1105 problema
460 1027 544 1088 illud
573 1028 731 1090 soluisse:
763 1031 882 1090 datum
911 1032 1045 1110 pondus
1067 1032 1149 1092 data
1170 1051 1231 1112 po-

150 1132 258 1192 tentia
283 1151 439 1205 mouere;
470 1117 533 1195 sed
553 1144 666 1196 utrum
686 1137 845 1216 βορυυλκῷ
871 1157 915 1198 an
937 1138 1127 1218 πολυσπάστῳ
1149 1159 1230 1200 usus

151 1238 204 1311 sit,
227 1258 296 1300 non
318 1250 460 1302 constat.
516 1239 718 1304 Conferatur
750 1223 794 1304 de
825 1244 986 1306 uniuersa
1018 1264 1056 1306 re
1088 1245 1232 1308 Proclus

150 1345 186 1406 in
207 1344 300 1407 Eucl.
324 1366 356 1427 p.
381 1353 439 1425 63:
461 1349 520 1407 οἷον
548 1350 582 1428 δή
611 1350 658 1408 καλ
675 1347 777 1429 Ἱέρων
806 1351 823 1408 ὁ
852 1346 1052 1432 Συρακούσιος
1078 1353 1162 1412 εἰπεῖν
1189 1353 1231 1412 λέ·

151 1475 232 1530 χεται
258 1456 322 1535 περὶ
349 1453 552 1538 Ἀρχιμήδους,
582 1457 634 1514 α”τε
663 1457 713 1536 τήν
743 1457 910 1537 τριάρμενον
932 1456 1130 1518 κατεσκεύασε
1152 1462 1228 1534 ναῦν,

152 1558 184 1640 ’ήν
207 1563 439 1642 παρεσκευάζετο
467 1565 581 1643 πέμπειν
610 1563 781 1644 Πτολεμαίῳ
811 1573 855 1644 τῷ
883 1566 1003 1642 βασιλεῖ
1019 1573 1062 1645 τῷ
1084 1568 1229 1648 Αἰχυπτιζυ.

150 1667 262 1728 πάντων
284 1668 342 1750 γὰρ
372 1670 433 1749 ἃμα
463 1665 671 1752 Συρακουσίων
700 1670 815 1730 ἑλκῦσαι
842 1671 891 1752 τήν
914 1675 980 1731 ναῦν
1002 1672 1035 1730 οὐ
1067 1673 1230 1752 δυναμένων

151 1770 324 1858 Ἀρχιμήδης
351 1777 398 1836 τὸν
424 1775 545 1857 Ἱέρωνα
569 1779 657 1856 μόνον
680 1777 766 1858 αὐτήν
788 1785 960 1860 καταγαγεῖν
982 1778 1121 1860 ἐποίησεν·
1143 1803 1231 1839 κατα·
1342 1835 1345 1842 .

150 1885 265 1962 πλαχεὶς
290 1884 324 1944 δὲ
351 1883 460 1950 ἐκεῖνος
488 1885 544 1944 ἀπὸ
573 1883 692 1966 ταύτης,
722 1883 788 1966 ἔφη,
817 1891 867 1966 τῆς
892 1887 1003 1967 ήμέρας
1032 1888 1095 1968 περὶ
1127 1888 1233 1952 παντὸς

150 1987 306 2074 Ἀρχιμήδει
327 1991 435 2071 λέγοντι
457 1992 627 2082 πιστευτέον.
672 1993 739 2057 Cir.
762 1993 821 2057 Sil.
844 1993 917 2055 Ital.
940 1993 1039 2068 XIV,
1064 2015 1199 2072 351—2.

236 2099 425 2162 Ueniamus
452 2101 521 2163 iam
550 2103 596 2162 ad
623 2102 835 2182 praeclaram
863 2102 955 2163 illam
984 2099 1231 2183 Syracusarum

151 2205 385 2269 defensionem
403 2229 425 2270 a
435 2209 588 2289 plurimis
610 2209 830 2290 scriptoribus
847 2209 994 2289 antiquis
1010 2209 1229 2282 celebratam,

151 2324 186 2376 et
208 2314 357 2396 singula,
386 2335 475 2395 quae
504 2318 548 2378 de
576 2315 794 2381 Archimedis
823 2317 858 2378 in
880 2337 923 2378 ea
944 2336 1050 2397 opera
1072 2327 1107 2378 et
1134 2297 1230 2378 indu·

151 2422 234 2484 stria
248 2424 434 2496 traduntur,
446 2424 632 2486 uideamus.
656 2417 807 2486 Primum
822 2423 927 2505 igitur
942 2425 1132 2486 construxit
1148 2434 1230 2485 tor-

151 2540 285 2592 menta
303 2531 418 2592 uariae
439 2531 684 2613 magnitudinis
707 2542 779 2594 tam
797 2532 919 2593 callide
937 2529 1038 2605 facta,
1056 2541 1093 2592 ut
1109 2532 1229 2592 aduer-

151 2656 208 2698 sus
220 2657 289 2711 eos
305 2639 363 2718 qui
377 2640 496 2720 procul
511 2650 635 2713 essent,
657 2640 840 2702 maioribus
863 2649 898 2701 et
919 2639 1148 2714 ualidioribus
1171 2639 1228 2700 ad·

150 2763 269 2820 uersus
290 2747 467 2828 propiores
492 2747 678 2809 minoribus
705 2748 754 2809 uti
782 2756 910 2828 posset,
932 2746 967 2808 ui
987 2755 1231 2809 tormentorum

151 2854 197 2913 ad
229 2854 342 2934 spatia
373 2854 609 2916 distantiarum
642 2864 724 2936 apta
757 2854 888 2936 (Polyb.
922 2853 1022 2928 VIII,
1065 2875 1100 2934 7,
1136 2875 1229 2931 2-3,

151 2959 267 3022 Liuius
289 2959 433 3035 XXIV,
457 2984 513 3040 34,
537 2966 566 3024 8.
610 2962 697 3024 Plut.
725 2963 831 3024 Marc.
866 2983 904 3040 15
934 2961 1010 3042 fin).
1061 2959 1172 3022 Etiam
1196 2961 1231 3022 in

151 3067 210 3128 illa
237 3067 397 3130 Hieronis
424 3070 505 3131 naui
536 3051 687 3144 λιθοβόλου
721 3078 960 3132 construxerat
988 3069 1168 3150 τριτάλαντον
1195 3069 1230 3126 λί-
1323 3083 1330 3098 ·

152 3174 205 3234 δον
227 3177 274 3234 καὶ
296 3177 487 3260 δωδεκάπηχυ
509 3176 598 3253 βέλος
616 3175 660 3236 ἐπὶ
682 3178 797 3238 στάδιον
820 3177 1031 3240 emittentem
1049 3175 1230 3254 (Athenae.

152 3281 202 3356 V,
235 3287 295 3344 208
326 3285 365 3363 c).
421 3283 487 3347 Cfr.
517 3283 659 3348 Tzetzes
692 3284 776 3348 Chil.
810 3285 852 3358 H,
891 3289 1045 3362 114-18,
1095 3283 1231 3346 Deinde

152 3391 328 3453 machinas
350 3391 537 3454 fabricatus
568 3401 621 3454 est
649 3394 798 3473 perticas
820 3392 1039 3465 sustinentes,
1068 3410 1157 3471 quae
1179 3410 1231 3452 re-

151 3509 265 3579 pente,
289 3499 641 3580 adpropinquantibus
663 3500 833 3562 sambucis
844 3499 1089 3572 Romanorum,
1108 3518 1130 3559 a
1143 3517 1231 3560 sum·

151 3625 208 3668 mo
230 3626 326 3668 muro
348 3608 656 3687 protendebantur;
687 3607 722 3668 in
742 3606 881 3688 perticis
903 3607 1035 3687 lapides
1052 3605 1109 3666 uel
1124 3605 1232 3685 plum-

151 3714 234 3775 bum
256 3713 479 3800 adligauerat,
502 3735 591 3795 quae
614 3715 647 3776 in
671 3735 778 3778 naues
799 3715 834 3776 ui
856 3733 985 3795 magna
1007 3711 1231 3774 demitteban-

151 3829 206 3882 tur
234 3820 365 3902 (Polyb.
388 3821 483 3894 VHI,
515 3843 551 3902 7,
581 3826 695 3883 8-11.
752 3822 840 3883 Plut.
873 3821 979 3884 Marc.
1007 3820 1064 3900 15).
1119 3817 1232 3880 Etiam

152 3929 429 3992 tollenonibus
462 3949 569 3992 uncos
601 3947 663 3990 seu
695 3949 816 3990 manus
855 3927 985 3990 ferreas
1018 3925 1230 3999 demittebat,

152 4035 275 4116 quibus
286 4055 393 4098 naues
403 4035 551 4098 hostiurn
562 4036 837 4117 implicabantur;
861 4055 938 4097 curn
960 4033 1085 4096 deinde
1107 4052 1232 4095 nauem

150 4163 240 4207 unco
272 4143 480 4224 implicatam
513 4142 548 4204 in
577 4143 684 4224 puppi
720 4142 909 4214 statuisset,
947 4141 1061 4204 subito
1090 4140 1233 4202 remissa
