2714 4570
576 363 578 370 .
612 299 668 360 ¹75

104 481 298 564 ἀστρολόγων.
312 485 387 566 μετὰ
404 484 438 546 δὲ
453 488 542 551 ταῦτα
560 484 610 544 τδιν
627 484 781 566 διάμετρον
802 486 852 543 τοῦ
869 485 948 544 ἁλίου
968 489 1020 548 τᾶς
1034 481 1186 582 διαμέτρου
1229 513 1257 572 9,

106 595 161 656 τᾶς
188 592 308 673 σελήνας
333 591 375 658 ὡς
398 585 666 674 τριακοντααλασιαν
694 590 769 670 εἶμεν
797 593 844 652 καλ
870 591 910 672 μή
931 593 1059 672 μείζονα,
1083 592 1185 672 καίπερ

106 701 165 757 τῶν
192 698 338 780 προτέρων
367 698 549 780 ἀστρολόγων
572 697 698 774 Εὐδόξου
723 698 777 781 μὲν
808 698 849 764 ὡς
874 698 1093 759 έννεααλασίονα
1120 699 1185 758 ἀπυ-

107 805 289 886 φαινομένου,
319 801 426 868 Φειδία
449 806 482 868 δὲ
509 808 559 866 τοῦ
581 803 765 888 Ἀκούαατρος
790 806 832 872 ῶς
857 806 919 888 [δή]
942 808 1185 874 δωδεκααλασίαν,

108 909 290 993 Ἀριστάρχου
312 912 346 972 δὲ
367 913 570 994 πεπεραμένου
592 912 735 982 δεικνύειν,
759 914 801 973 ότι
822 913 896 974 ἐστίν
918 915 937 972 ἁ
960 914 1113 996 διάμετρος
1135 916 1185 972 τοῦ

107 1017 186 1076 ἁλίου
202 1021 255 1082 τᾶς
269 1016 421 1098 διαμέτρου
439 1021 492 1082 τᾶς
508 1018 629 1098 σελήνας
643 1018 748 1097 μείζων
762 1018 816 1099 μὲν
833 1003 1185 1098 ήόκτωκαιδεκαπλασύυν

108 1125 241 1186 ἐλάσσων
253 1125 287 1186 δὲ
306 1123 322 1206 ή
345 1126 580 1186 εἰκοσαπλασιων.
603 1124 662 1205 ἐγὼ
685 1125 718 1186 δὲ
741 1125 989 1209 ὑπερβαλλόμενος
1008 1129 1055 1188 καί
1077 1131 1184 1200 τοῦτον,

112 1236 190 1301 ότιως
215 1234 248 1294 τδ
271 1233 451 1316 ύαοκεήιενυν
473 1235 673 1316 ἀναμφιλόγως
691 1229 709 1318 ή
731 1235 923 1318 δεδειγμένον,
947 1236 1112 1317 ύαατιδέμαι
1135 1234 1185 1294 τάν

113 1343 265 1424 διάμετρον
287 1344 337 1401 τοῦ
359 1343 436 1402 ἁλίου
458 1347 510 1409 τᾶς
530 1343 682 1425 διαμέτρου
704 1347 757 1409 τᾶς
776 1346 897 1426 σελήνας
912 1345 955 1410 ὡς
969 1346 1184 1425 τριακονταπλα-
1248 1327 1263 1336 ’

109 1453 174 1512 σίαν
206 1451 282 1532 εἶμεν
308 1452 355 1511 καί
373 1451 413 1533 μή
440 1451 569 1532 μείζονα.
596 1453 657 1511 ποτὶ
685 1452 718 1512 δὲ
745 1451 854 1520 τούτοις
881 1455 931 1514 τάν
962 1454 1115 1535 διάμετρον
1137 1454 1187 1510 τοῦ
1274 1496 1280 1509 .

110 1561 198 1627 ἁλίου.
214 1560 332 1640 μείζονα
351 1559 434 1639 ἐἶμεν
462 1563 515 1625 τᾶς
534 1561 584 1617 τοῦ
602 1557 774 1641 γιλιαγώνυυ
795 1561 917 1640 πλευρᾶς
938 1561 988 1618 τού
1010 1561 1051 1624 είς
1071 1560 1119 1619 τὸν
1138 1559 1186 1640 μέ-

110 1695 205 1755 γιστον
233 1671 332 1733 κύκλον
361 1671 579 1752 ἐγγραφομένου
601 1675 658 1731 τῶν
680 1671 775 1751 ἐν,τῴ
797 1673 906 1754 κόσμῳ.
935 1675 1018 1732 τοῦτο
1041 1672 1075 1734 δὲ
1098 1673 1186 1733 ὑποτι-

111 1781 207 1863 δέμαί,
234 1778 422 1862 Ἀριστιήοχου
449 1779 502 1862 μὲν
530 1778 676 1861 εήοήκότος
702 1780 751 1836 τοῦ
782 1777 882 1838 κύκλου
913 1782 971 1858 τῶνΙ
1000 1780 1112 1861 ζῳδίων
1140 1780 1186 1839 τὸν

110 1890 187 1948 ἅλιον
220 1888 387 1968 φαινόμενον
419 1886 461 1953 ῶς
487 1888 519 1946 τό
547 1889 680 1946 εἰκοστὸν
702 1889 748 1946 καί
776 1887 1005 1950 ἑατακοσιοστόν.
1039 1887 1126 1953 αὐτὸς
1154 1887 1187 1948 δὲ

110 1995 338 2078 ἐπισκεψάμενος
357 1994 439 2054 τόνδε
462 1996 509 2054 τόν
525 1996 635 2076 ,τρόπον
662 1995 814 2077 ἐπειρόδήν
840 1996 998 2076 δργανικῶς
1018 1997 1114 2073 λαβεῖν
1137 1996 1187 2055 τὰν

110 2105 227 2186 γωνίαν,
257 2105 297 2169 είς
321 2101 355 2162 ἃν
383 2103 399 2160 ό
427 2102 505 2169 ἅλιος
524 2101 674 2184 ἐναρμόζει
697 2101 747 2163 τὰν
769 2102 900 2184 κυρυφάν
923 2102 1048 2189 ἔχουσαν
1070 2104 1132 2164 nori
1153 2105 1188 2184 τᾷ

113 2212 190 2294 όψει.
217 2210 266 2272 τὰν
290 2211 343 2294 μὲν
371 2212 471 2292 ύμυίαν
501 2212 630 2292 ἀκαιβῶς
657 2213 755 2290 λαβεῖν
780 2212 833 2272 οὐκ
860 2213 982 2298 εὐχερές
1001 2213 1061 2274 ἐστι
1083 2210 1130 2277 διὰ
1153 2211 1185 2273 τδ

113 2323 189 2402 μήτε
210 2320 268 2380 τὰν
299 2315 364 2401 ὄφιν
394 2320 469 2402 μήτε
502 2317 554 2387 τός
578 2325 683 2404 χεῖρας
706 2321 780 2399 μήτε
808 2317 844 2379 τό
866 2315 986 2399 ίργανα,
1016 2317 1049 2380 δι’
1074 2317 1113 2380 ὧν
1143 2321 1192 2380 δεῖ

931 2457 1121 2472 —a-—q—
1137 2449 1182 2472 3--

199 2541 224 2597 1.
247 2537 310 2617 τάν]
330 2539 377 2598 τόν
393 2540 430 2598 D.
475 2542 504 2602 2.
528 2535 798 2617 τριακονταπλασίας
812 2535 845 2608 Β,
870 2537 921 2594 sed
940 2559 1024 2610 corr,
1049 2538 1185 2598 λαλασιῶν

111 2624 199 2685 VAD.
212 2625 259 2682 καί
271 2625 333 2704 περὶ
345 2625 429 2686 codd.
441 2623 518 2696 Bas,
538 2623 580 2694 R;
598 2645 673 2684 corr.
691 2622 743 2692 W;
765 2623 818 2684 rfr.
837 2623 853 2699 ᾗ
874 2624 901 2684 8.
925 2625 953 2682 3.
966 2621 1185 2683 ἐννεαπλασίυνα

118 2711 214 2786 scripsi
228 2729 293 2768 cum
306 2709 380 2780 WN,
394 2707 590 2768 έννεααλάσιον
603 2715 671 2769 cett.
684 2709 713 2766 4.
726 2705 761 2786 δή
773 2728 828 2766 om.
842 2707 914 2768 WT.
932 2712 959 2769 5.
973 2709 1022 2768 τοῦ
1034 2708 1122 2786 ἁλίου]
1136 2711 1185 2767 τού

117 2793 150 2850 de
174 2816 237 2854 meo
255 2795 363 2854 addidi.
403 2798 430 2855 6.
452 2793 527 2852 ὀκτὼ
546 2793 593 2852 καί
611 2791 771 2854 δωδεκααλ.
789 2791 824 2850 D.
860 2794 887 2851 8.
907 2793 1106 2873 ἀναμφιλόγως
1122 2815 1183 2870 ege,

112 2877 265 2959 ἀμφίλογον
275 2879 352 2952 Bas..
365 2879 554 2960 ἀναμφίλογον
564 2885 629 2938 cett.
641 2875 797 2937 ύποτίίλεντι
805 2877 841 2940 Ι).
856 2880 883 2937 9.
898 2880 946 2938 τού
955 2878 1185 2959 όλίουτᾶςδιαμέ-

111 2985 179 3043 τροο
198 2965 273 3022 bene
297 2965 445 3042 suppleuit
466 2965 513 3036 W,
537 2985 592 3022 om.
617 2970 706 3033 cett.·,
733 2984 883 3040 „suppono
905 2964 1077 3022 diametrum
1100 2966 1186 3024 lunae
1224 3026 1228 3032 ,

111 3052 202 3108 ueluti
237 3052 371 3126 trigesies
404 3058 528 3121 tantum,
562 3057 702 3125 quantum
732 3069 808 3106 nunc
838 3051 973 3125 ponitur‘·
1008 3051 1104 3136 intp.;¹
1134 3051 1185 3108 sed

113 3133 344 3198 Comm..recte:
380 3155 473 3211 „pono
503 3135 677 3194 diametrum
711 3133 782 3192 solis
815 3135 1016 3210 trigintuplsm
1052 3135 1186 3192 diametri

111 3220 229 3276 lunae“.
285 3217 410 3284 σελάνας
440 3220 481 3290 Β,
515 3221 531 3298 β
561 3220 589 3279 8.
624 3219 895 3298 τριακοντααλασίας
926 3217 992 3276 Bas.
1049 3221 1096 3281 10.
1127 3241 1186 3299 μει-

113 3302 202 3378 ζόνων
233 3304 298 3362 Bss.
323 3304 355 3362 C.
383 3305 478 3384 μεῖζον
502 3306 525 3362 F
534 3303 572 3376 λ,-
586 3303 677 3384 μείζω
709 3303 797 3375 VAD,
826 3303 942 3383 μειῖονα
965 3325 1000 3362 ex
1022 3304 1056 3376 Β,
1085 3305 1184 3365 RWT.
1228 3337 1235 3352 ·

114 3391 164 3450 11.
189 3387 265 3468 εἶμεν
284 3389 402 3468 μείζονα
424 3391 459 3448 Α.
507 3393 553 3450 12.
576 3390 643 3466 τῶν]
667 3390 717 3448 τοῦ
738 3386 800 3446 ΑΙ).
846 3390 892 3448 13.
920 3387 978 3465 τὸν]
1003 3410 1021 3446 τ
1040 3389 1102 3461 ΑΙ),
1131 3391 1186 3448 τῶν

112 3473 145 3542 C,
162 3475 209 3534 14.
221 3475 404 3554 φαίνομαινον
417 3475 451 3536 D.
465 3474 603 3552 εἰκοστὸν]
614 3473 689 3538 εἰκός
699 3474 729 3533 C.
753 3475 801 3532 15.
815 3473 970 3552 όργανικῶν
983 3474 1017 3534 D.
1031 3476 1078 3534 16.
1090 3473 1185 3551 είςᾶν]

111 3555 156 3622 ῶς
176 3557 209 3617 διν
232 3559 318 3630 ABG,
342 3558 389 3624 ῶς
404 3555 437 3617 ἀν
460 3559 558 3630 FDR3
581 3558 613 3624 ἐς
632 3558 674 3635 ἃν,
688 3559 725 3618 W
749 3558 812 3636 (qui
834 3561 911 3616 inter
933 3556 964 3622 ἐς
980 3566 1009 3616 et
1027 3560 1067 3623 εἰς
1083 3562 1186 3618 miram

111 3644 262 3720 quandam
286 3644 479 3704 differentiam
504 3648 618 3716 statuit)
641 3645 673 3704 T.
697 3643 757 3704 Cfr.
782 3644 797 3719 δ
819 3645 872 3713 11,
899 3646 952 3715 13,
978 3646 1033 3715 15,
1059 3647 1115 3715 16,
1141 3647 1186 3706 18.

110 3726 254 3808 ἐναρμόζή
294 3729 320 3786 Ι)
358 3730 423 3806 (sed
462 3729 570 3806 (τοτα),
611 3731 664 3788 cir.
699 3730 715 3804 ς’
748 3731 803 3800 11,
846 3731 899 3798 13,
941 3732 996 3799 15,
1038 3732 1094 3800 16,
1136 3733 1182 3792 18.

112 3815 163 3874 17.
186 3810 237 3872 τάν
265 3812 318 3892 μὲν
347 3814 446 3893 ὁμοίαν
475 3812 604 3891 ἀκριβῶς
629 3814 714 3872 ualde
737 3814 873 3872 dubitans
897 3816 1000 3890 scripsi
1024 3815 1087 3887 (cfr.
1110 3817 1187 3875 infra

108 3900 151 3958 ad
174 3899 190 3976 ᾗ
216 3900 284 3980 13),
309 3898 414 3978 τὸμὲν
436 3898 531 3979 ὅμοιον
554 3897 673 3978 ἀκριβεῖ
691 3905 758 3959 cett.
783 3901 843 3960 sine
864 3911 957 3957 sensu.
1002 3900 1072 3958 Post
1090 3898 1187 3978 όμυιυν

108 3987 142 4044 in
174 3984 201 4042 D
235 3991 408 4062 repetuntur
441 3985 569 4061 quinque
601 3985 692 4042 uerba
726 3991 754 4041 et
788 3984 956 4046 dimidium:
991 4007 1015 4042 τι
1044 3987 1080 4066 τᾷ
1111 3979 1186 4066 όψει.

108 4068 214 4149 τὸμὲν
232 4067 333 4144 ύμοιυν.
378 4069 428 4128 διό·
445 4090 505 4146 rep.
530 4070 566 4131 D.
614 4071 662 4130 18.
687 4067 736 4127 δεῖ
748 4070 860 4146 scripsi,
885 4068 931 4128 δια
946 4105 988 4112 —-
1008 4071 1107 4148 codd.3
1131 4091 1186 4134 om.

107 4162 182 4218 cett.
209 4157 235 4217 1.
258 4153 427 4232 ἀξιοπίστως
440 4155 474 4214 R.

1242 2241 1287 2282 11.
