2750 4594
635 299 670 356 61

115 508 183 683 {L}
195 576 202 627 ;
220 555 221 560 ’
237 553 361 615 deinde
395 571 463 632 qua
495 550 625 612 ratione
657 550 766 611 latera
795 547 853 608 illa
881 565 1096 608 numerorum
1122 563 1192 606 non

102 713 367 794 quadratorum
389 709 642 790 computauerit.

206 819 304 880 Prior
326 817 481 898 quaestio
502 818 545 878 ab
560 817 701 880 Eutocio
724 793 861 896 prorsus
884 811 1016 874 silentio
1043 819 1193 892 praeter-

116 927 283 1001 mittitur3
306 926 392 988 haec
414 925 520 986 habet
548 927 582 990 in
604 922 844 989 commentario
872 941 903 1001 p.
937 924 1013 982 208:
1043 918 1073 978 ἐν
1100 915 1192 998 τούτῳ

118 1045 164 1115 τῷ
186 1034 355 1115 θεωρήματι
381 1036 510 1116 συνεχῶς
531 1029 739 1111 ἐπιταττόμεθα
767 1031 816 1087 τοὺ
844 1026 980 1092 δοθέντος
1000 1026 1122 1108 δοιθμοὺ
1144 1024 1193 1106 τὴν

119 1139 330 1222 τετραγωνυιὴν
352 1139 474 1220 πλευρὰν
498 1139 602 1220 εὑρεῖν·
634 1140 717 1196 τοῦτο
747 1137 780 1197 δὲ
802 1136 932 1217 ἀηοιβῶς
955 1133 1008 1216 μὲν
1038 1134 1129 1215 εὑρεῖν
1151 1131 1194 1192 ἐπλ

125 1249 245 1330 ἀριθμοῦ
274 1247 313 1328 μὴ
341 1243 425 1313 ὄντος
452 1246 631 1327 τετραγώνου
660 1243 812 1328 ἀδύνατον·
843 1243 965 1325 ἀριθμὸς
987 1240 1040 1322 μὲν
1069 1240 1125 1321 γὰρ
1148 1238 1193 1320 ἐφ’

129 1355 224 1416 ἑαυτὸν
260 1355 566 1435 πολλαπλασιαζόμενος
605 1358 680 1412 ποιεῖ
707 1374 767 1412 τινα
799 1351 978 1432 τετράγωνον
1010 1348 1145 1429 ἀριθμόν·
1179 1348 1195 1406 ὑ
1299 1402 1302 1410 .

125 1464 247 1545 (λοιθμὺς
268 1462 302 1523 δὲ
324 1463 370 1521 καὶ
389 1463 487 1544 μόριον
510 1461 555 1541 ἐφ’
585 1460 673 1520 ἑαυτὰ
700 1460 830 1540 γινόμενα
858 1458 950 1518 οὐκέτι
976 1456 1097 1537 ἀριθμὸν
1126 1455 1201 1514 ποιεῖ

125 1571 231 1653 πλήρη,
255 1570 325 1629 ἀλλὰ
354 1571 400 1629 καῖ
425 1570 538 1652 μόριον·
567 1569 645 1633 ὅπως
673 1567 706 1626 δὲ
733 1567 781 1626 δεῖ
806 1565 941 1646 σὺνεηγυς
966 1564 1014 1644 τὴν
1044 1561 1196 1643 δυναμένην

126 1679 244 1758 πλευρὰν
274 1677 322 1736 τὸν
345 1677 468 1737 δοθέντα
489 1677 609 1757 δοιθμὺν
632 1677 732 1756 εὑρεῖν,
756 1673 862 1760 ελρηται
881 1672 933 1753 μὲν
952 1669 1051 1752 Ἣρωνι
1079 1669 1109 1729 ἐν
1139 1674 1198 1735 τοῖς

116 1791 278 1866 μετρικοῖς,
313 1784 420 1866 εζὺηται
452 1783 485 1844 δὲ
521 1785 631 1865 Πάππιρ
668 1784 714 1842 καλ
746 1781 829 1842 θέωνι
860 1781 906 1839 καλ
939 1779 1048 1861 ἑτέροις
1077 1779 1196 1837 πλείοσιν

119 1891 322 1973 ἐξηγουμένοις
357 1891 405 1972 την
431 1891 561 1972 Ιμεμοὶλην
595 1888 720 1958 σὺνταξιν
754 1891 803 1948 τοῦ
837 1887 973 1947 λ’λαυδίου
1006 1886 1195 1965 Πτολεμαίου·

120 1999 204 2059 ὥστε
224 1999 306 2058 οὐδὲν
329 1999 404 2080 ημᾶς
419 1999 479 2082 χρὴ
501 1999 563 2078 περλ
585 1995 684 2056 τούτου
708 1998 810 2078 ζητεῖν,
841 1995 905 2070 ἐξὸν
935 2001 995 2060 τοῖς
1013 1992 1196 2075 φιλομαθέσιν

121 2106 155 2182 ἐξ
177 2106 293 2166 ἐκείνων
315 2105 514 2183 ἀναλέγεσθαι.

209 2213 344 2275 Deinde
362 2213 658 2293 multiplicationes
669 2220 801 2273 tantum
824 2210 981 2292 exponit,
1005 2229 1072 2290 quo
1094 2208 1195 2270 modo

122 2325 233 2385 latera
263 2322 320 2382 illa
343 2321 605 2401 computauerit,
630 2340 698 2382 non
726 2338 1003 2393 commemorans,
1034 2318 1128 2379 uelut
1152 2319 1195 2396 (p.

605 2430 623 2496 ζ

125 2519 218 2594 209):
248 2515 339 2576 λοιπὸν
369 2515 401 2572 τὸ
430 2513 485 2572 ἀπὸ
516 2514 567 2572 ΕΓ
585 2513 673 2581 Mox(
696 2517 833 2592 1'70227).
863 2511 898 2568 τὰ
927 2511 960 2570 δὲ
988 2505 1052 2578 σξε’
1071 2508 1114 2568 ἐπὶ
1136 2506 1198 2580 σξε’

125 2709 215 2787 (265)
240 2623 326 2766 λθσκέ
359 2709 505 2789 (70225),
535 2709 619 2766 λείπει
648 2704 706 2786 ἄρα
734 2702 809 2780 M0ss'
835 2705 884 2768 εἷς
909 2703 940 2761 τὸ
974 2700 1099 2782 ἀκριβές.
1155 2699 1199 2760 Et

123 2816 191 2877 hoc
220 2800 252 2876 ei
281 2815 363 2876 satis
391 2823 479 2888 erat,
502 2834 578 2876 curn
601 2813 683 2874 nihil
705 2812 797 2874 aliud
826 2831 928 2893 quam
961 2828 1119 2870 numeros
1154 2808 1197 2868 ab

125 2922 335 2985 Archimede
359 2932 511 3003 sumptos
535 2923 681 3004 probare
704 2931 738 2982 et
760 2921 927 2982 illustrare
950 2918 1109 2980 studeret.
1143 2915 1198 2977 Ex

129 3030 167 3092 iis
201 3029 344 3110 scriptis
378 3031 423 3091 ad
456 3050 543 3110 quae
577 3031 721 3092 lectores
751 3030 905 3110 ableget,
934 3025 1081 3088 Theonis
1111 3044 1199 3086 com-

127 3136 312 3200 mentarius
335 3139 426 3199 solus
450 3147 563 3199 exstat
586 3137 742 3217 (Heronis
770 3133 1199 3215 metricorumfragmenta

81 3309 85 3316 ,
127 3246 201 3307 sola
228 3254 263 3307 et
293 3254 458 3326 excerpta
486 3246 531 3307 ad
559 3266 621 3308 nos
650 3247 903 3326 peruenerunt);
934 3242 980 3305 ibi
1010 3242 1051 3336 (p.
1083 3263 1123 3318 44
1146 3240 1197 3302 ed.

128 3349 224 3427 Bas.;
250 3351 307 3415 cfr.
330 3351 556 3415 Nesselmann
578 3374 610 3434 p.
640 3375 697 3430 144
721 3355 781 3434 sq.)
811 3352 897 3414 ratio
927 3351 1108 3422 indicatur,
1132 3368 1199 3429 qua

129 3459 216 3521 latus
240 3459 417 3524 cuiuslibet
439 3462 570 3522 numeri
587 3462 741 3542 proxime
757 3460 899 3521 inueniri
910 3460 1016 3540 possit
1038 3477 1100 3538 per
1122 3477 1198 3518 sex-

128 3567 301 3650 agesimos
328 3569 454 3648 primas
485 3578 519 3630 et
548 3570 730 3641 secundas;
765 3589 841 3630 cum
874 3576 988 3629 cetera
1016 3585 1121 3647 opera
1154 3564 1215 3624 ab'

127 3695 171 3737 eo
184 3676 288 3737 citata
300 3675 539 3751 interciderint,
564 3677 700 3739 decerni
712 3677 836 3757 nequit,
864 3674 1008 3737 fueritne
1031 3676 1065 3736 in
1082 3674 1121 3736 iis
1134 3671 1200 3734 alia

128 3784 289 3864 exposita
329 3785 516 3846 methodus¹
583 3784 659 3846 Hoc
697 3793 828 3845 tantum
869 3782 1038 3844 adfirmari
1077 3789 1198 3862 potest,

127 3889 373 3959 Archimedem
407 3892 474 3952 alia
507 3893 636 3990 ratione
671 3911 767 3953 usum
801 3911 892 3965 esse,
935 3891 996 3952 sed
1036 3909 1124 3971 quae
1158 3908 1200 3950 ea

2 3988 3 4009 ¹
104 3999 240 4074 tuerit,
264 4008 321 4060 aut
342 4019 422 4061 num
444 3999 652 4080 experiendo
675 4000 782 4060 latera
799 3998 972 4071 inuenerit,
995 4019 1063 4061 non
1084 3997 1198 4078 liquet.

128 4106 206 4170 Hos
228 4107 333 4169 habet
355 4126 511 4168 numeros
535 4127 718 4188 eorumque
740 4107 865 4168 latera:
