2714 4570
674 262 731 333 {qb

168 459 297 538 πέμπτων
324 459 512 539 καλουμένου·
542 460 589 516 καὶ
617 457 633 518 ο
659 457 786 544 ἔσχατος
805 461 898 519 ουτιῖιν
920 459 982 518 ἐστι
999 463 1086 542 χιλίαι
1104 463 1245 542 μυριάδες

168 569 223 626 τῶν
245 567 376 647 πέμπτων
398 568 534 647 διαίρων.
563 571 687 648 φανερὸν
719 567 778 637 οὖν,
805 569 847 626 ὅτι
869 571 919 625 τοῦ
941 567 1058 647 ψάμμου
1080 570 1113 627 τδ
1136 569 1247 649 πλῆθος

168 673 220 731 τοῦ
244 673 373 753 μέγεθος
397 670 517 755 ἔχοντος
543 673 601 732 ἴσον
630 681 666 755 τᾷ
697 678 805 756 σμαιρα
828 678 864 754 τᾷ
884 675 935 732 τὰν
957 674 1108 754 διάμετρον
1131 673 1246 758 ἐχούσᾳ

169 780 292 840 σταδίων
311 781 341 862 μ’
361 783 506 861 μυριάδων
528 780 649 841 ἔλασσόν
680 782 754 842 ἐστιν
775 779 793 860 ἢ
812 784 901 864 χιλίαι
919 782 1057 862 μυριάδες
1078 787 1135 841 τῖον
1159 783 1245 863 πέμπ-

96 909 123 964 q.
169 910 225 947 των
253 888 389 968 άοιδμῶν.
418 889 437 945 ά
465 889 499 947 δὲ
527 890 576 947 τὰν
604 889 753 970 διάμετρον
781 887 891 972 ἔχουσα
914 897 1022 970 σφαῖρα
1044 891 1173 949 σταδίων
1193 915 1247 971 μυ

165 999 230 1074 ριᾶν
255 994 402 1074 μυριάδων
432 997 643 1055 πολλαπλασίαν
672 995 732 1055 ἐστὶ
753 1001 806 1061 τᾶς
826 999 954 1077 σφαίρας
973 1003 1025 1062 τᾶς
1044 997 1174 1082 ἐχούσας
1195 1001 1247 1059 τὰν
1345 1017 1346 1026 ’

169 1103 319 1183 διάμετρον
349 1103 472 1162 σταδίων
498 1101 527 1183 ρ’
554 1105 701 1185 μυριάδων
729 1109 791 1169 ταῖς
815 1101 843 1184 ρ’
871 1104 1064 1184 μυριάδεσσιν.
1094 1107 1121 1164 εἰ
1141 1105 1177 1185 δὴ
1202 1107 1248 1184 γε’·

169 1233 242 1270 νοιτο
269 1211 303 1270 ἐκ
329 1215 379 1269 τοῦ
408 1212 526 1292 ψάμμου
548 1218 657 1291 σφαῖρα
681 1211 833 1271 ταλικαάτα
855 1214 887 1272 τὸ
907 1212 1042 1293 μέγεθος,
1065 1215 1147 1273 ἀλάτα
1170 1215 1247 1276 ἐστὶν

168 1321 188 1377 ά
210 1325 319 1401 σφαῖρα
340 1323 359 1379 ά
381 1319 490 1404 ἔχουσα
513 1321 563 1378 τάν
586 1320 737 1400 διάμετρον
754 1321 877 1379 σταδίων
892 1325 994 1401 μυριᾶν
1009 1323 1167 1400 μυριάδων,
1190 1347 1246 1402 φα-

169 1427 259 1506 νεράν,
286 1427 330 1486 ὅτι
357 1424 479 1487 ἔλασσον
507 1427 632 1486 ἐσσεῖται
663 1430 695 1486 τὸ
719 1431 769 1486 τοῦ
791 1427 909 1508 ψάμμου
930 1416 1037 1508 πλῆθος
1057 1433 1107 1487 τοῦ
1129 1432 1244 1512 γενομέ-

169 1555 217 1592 νου
241 1534 364 1614 άσιδμοῦ
392 1536 701 1595 πολλαπλασιασθεισᾶν
731 1541 781 1595 τᾶν
800 1537 891 1618 χίλιᾶν
910 1538 1057 1617 μυριάδων
1079 1542 1137 1596 τῶν
1158 1539 1243 1619 πέμπ-

170 1663 226 1700 των
254 1642 382 1722 ἀριθμῶν
411 1649 473 1709 ταῖς
497 1643 528 1724 μ’
552 1643 744 1723 μυριάδεσσιν.
775 1642 834 1702 ἐπεὶ
860 1640 886 1700 δ
910 1643 1010 1722 οἱμὲν
1033 1648 1089 1703 τῶν
1112 1649 1243 1720 πέμπτων

169 1751 298 1830 άριδμῶν
322 1754 410 1835 χιλίαι
433 1753 572 1832 μυριάδες
599 1753 796 1831 τετρωκοστάς
821 1749 896 1810 ἐστιν
923 1752 978 1810 ἀπὸ
997 1753 1126 1830 μονάδος
1146 1755 1242 1812 άνάλο-

110 1925 115 1938 ι
170 1879 230 1937 γον,
261 1860 291 1917 αι’
311 1858 345 1919 δὲ
364 1858 395 1940 ρ’
414 1860 551 1940 μυριάδες
571 1857 699 1938 ἕβδομος
720 1859 775 1916 άπὸ
794 1858 923 1938 μονάδος
942 1857 975 1917 ἐκ
997 1863 1049 1924 τᾶς
1068 1859 1160 1926 αὐτοῖς
1180 1862 1244 1919 άνα-

170 1967 273 2045 λογίας,
302 1965 394 2046 δῆλον,
422 1964 464 2029 ὡς
488 1963 504 2024 ὁ
532 1965 684 2043 γενόμενος
710 1963 837 2024 ἐσσεῖται
862 1964 945 2031 ἐκτὸς
971 1968 1018 2025 καὶ
1047 1970 1244 2048 τετμωνιοστὺς

170 2074 225 2133 ἀπὸ
255 2074 389 2154 μονάδος.
417 2057 473 2135 τῶν
498 2075 532 2134 δὲ
558 2073 738 2154 τετρώκοντα
764 2075 811 2132 καὶ
839 2071 873 2144 ἓξ
896 2072 1004 2134 τούτων
1035 2075 1112 2134 ὀκτὼ
1142 2076 1197 2156 μὲν
1225 2102 1239 2133 ο

171 2183 277 2262 πρώτοι
305 2184 357 2244 σὺν
378 2193 425 2266 τᾷ,
441 2185 543 2264 μονάδι
571 2186 627 2242 τῶν
656 2182 777 2263 πρώτων
805 2181 983 2262 καλουμένων
1014 2183 1079 2245 ἐντί.
1111 2185 1189 2244 δκτώ
1211 2185 1241 2243 δὲ

171 2293 199 2350 οἷ
222 2293 297 2373 μετὰ
324 2291 447 2372 τούτουςΙ
465 2277 695 2371 τῶνιδευτέριον,
718 2292 765 2350 καὶ
786 2293 814 2349 οἱ
830 2291 906 2371 μετὰ
929 2291 1046 2358 τούτους
1065 2291 1145 2352 ἄλλοι
1168 2293 1239 2352 δκτώ

172 2401 227 2458 τῶν
249 2403 359 2481 τρίτων,
389 2403 417 2460 οἱ
436 2401 470 2460 δὲ
490 2401 564 2482 μετὰ
592 2401 660 2465 τοὺς
679 2402 788 2480 τρίτους
808 2399 885 2464 ἄλλοι
907 2398 983 2458 ὀκτὼ
1006 2403 1062 2458 τῶν
1086 2401 1232 2482 τετάρτων,

171 2508 217 2565 καὶ
247 2510 275 2566 οἵ
302 2508 377 2588 μετὰ
405 2507 472 2573 τοὺς
497 2507 652 2587 τετάρτους
677 2505 753 2566 ὀκτὼ
782 2510 838 2566 τῶν
867 2504 1007 2586 πέμπτων,
1042 2509 1069 2564 οἱ
1098 2507 1133 2567 δὲ
1159 2505 1228 2566 λοιπά
1309 2531 1314 2549 ·
1345 2543 1346 2554 ι

260 2864 286 2922 1.
308 2862 396 2943 χιλίοιι
417 2883 473 2919 om.
498 2860 587 2918 VAD.
633 2864 661 2920 3.
685 2859 743 2918 ἴσον
765 2861 814 2940 τᾷ]
838 2859 897 2917 ἴσον
916 2859 992 2939 μετὰ
1016 2860 1051 2922 D.
1097 2864 1125 2920 4.
1148 2861 1244 2941 μυριά-

173 2947 223 3012 δες
243 2947 326 3005 codd.
351 2946 416 3006 Bas.
430 2945 469 3017 R;
494 2967 567 3003 corr.
591 2946 637 3004 W.
659 2955 661 2962 ‘
682 2943 811 3004 ἐλάσσων
834 2945 877 3004 F?
900 2945 948 3003 Bc
973 2945 1080 3005 Bas.R
1103 2945 1194 3026 (οοιϊ.
1218 2949 1246 3003 in

174 3033 294 3109 annosa),
325 3026 378 3090 ἔλα
400 3033 426 3088 Α
452 3032 482 3088 in
504 3023 566 3087 fine'
582 3031 633 3090 lin.
678 3033 705 3088 5.
731 3031 851 3110 σφαῖρα]
876 3027 1046 3110 σφαίραςῐλ
1070 3032 1132 3104 (sed
1158 3043 1247 3103 corr.)

174 3117 261 3176 ACD.
303 3119 405 3196 μυριᾶν
434 3115 506 3187 WT,
538 3115 644 3196 μυρίας
671 3121 739 3174 cett.
784 3119 813 3176 6.
833 3113 994 3196 μυριάδων]
1014 3115 1157 3194 μυριάδας
1185 3117 1247 3173 BR.

175 3204 202 3262 7.
223 3200 267 3280 ρ’]
297 3199 398 3258 ἑκατὸν
426 3201 470 3258 bis
493 3199 559 3271 BR;
588 3200 680 3259 altero
709 3201 772 3259 loco
802 3218 857 3259 om.
882 3200 917 3258 D.
959 3199 1124 3279 μοριάδεσιν
1155 3200 1248 3258 ACD.

174 3285 313 3368 δήμςο,
342 3283 375 3343 δὲ
406 3285 489 3360 codd.
517 3285 583 3346 Bas.
606 3284 649 3356 R;
667 3280 729 3344 Ιοὖν
751 3285 823 3342 WT.
869 3289 898 3349 9.
918 3289 1020 3366 μυριᾶν
1041 3285 1114 3356 WT,
1143 3287 1253 3365 μυρίας

176 3377 243 3433 cett.
264 3368 422 3451 μυριάδων]
439 3367 623 3451 μυριάδαςΒ.
648 3368 790 3450 σφανερόν
813 3369 848 3432 D.
895 3373 943 3431 10.
957 3367 1087 3428 ἐλάσσων
1109 3371 1176 3430 Bas.
1202 3371 1250 3428 F?

175 3456 201 3514 R
225 3456 290 3537 (sed
321 3458 416 3534 corn).
463 3458 510 3516 ll.
533 3453 734 3514 πολλαπλάσιον
764 3453 839 3513 FAC
863 3454 939 3524 Bas„
975 3457 1185 3514 πολλαπλασίων
1211 3455 1248 3517 Ι),
1345 3471 1346 3492 ¹

175 3543 225 3599 τᾶν
244 3539 348 3623 χιλιᾶν]
371 3539 546 3608 FBCRWT,
566 3541 657 3622 χιλιᾶν
680 3539 755 3620 Bas,
780 3541 836 3598 τῶν
856 3540 954 3622 χιλίων
977 3539 1067 3598 ADV.
1114 3543 1162 3600 12.
1187 3545 1253 3604 ταῖς

128 3671 130 3676 ,
172 3623 203 3704 ρ’
222 3624 406 3706 μοριάδεσσιν
424 3643 516 3702 usque
535 3625 572 3683 ad
595 3625 724 3706 ἀριθμῶν
746 3626 795 3682 lin.
821 3627 859 3686 13
882 3647 937 3684 om.
962 3624 1051 3684 VAD.
1094 3623 1248 3704 μοριάδεσ-

176 3730 217 3769 σιν
248 3729 309 3785 ege,
335 3710 450 3791 μυριάσι
479 3710 539 3781 BR,
568 3710 699 3791 μυριάσιν
729 3717 797 3771 cett.
843 3713 891 3770 13.
916 3711 1107 3788 τετρακσστός
1135 3731 1246 3768 οαιιιοε.

173 3793 300 3876 μονάδος
327 3793 478 3874 ἀνάλογον]
506 3793 632 3876 νομάδος
657 3795 693 3856 D.
739 3797 787 3856 14.
815 3794 845 3873 ρ’
873 3817 927 3855 om.
952 3795 987 3852 D.
1032 3793 1066 3853 ἐκ
1087 3800 1140 3860 τᾶς
1159 3793 1252 3859 αὐτᾶς

176 3886 206 3939 et
228 3902 309 3960 sequ.
328 3881 365 3940 ad
383 3881 438 3940 άπὸ
452 3880 580 3960 μονάδος
593 3882 642 3940 lin.
664 3883 702 3940 16
722 3901 777 3939 om.
799 3880 829 3938 O.
862 3873 909 3940 15.
929 3879 1120 3959 τετρακοστύς
1136 3900 1246 3940 omneS.

179 3969 225 4028 16.
249 3965 465 4047 τεσσαράκοντα
489 3985 596 4025 οωιιεο.
642 3963 719 4024 ὀκτὼ
744 3963 808 4045 μέν]
836 3963 908 4043 WT,
943 3966 971 4022 οἱ
994 3963 1048 4044 μὲν
1078 3964 1154 4024 δκτιὺ
1186 3965 1246 4037 BR,

176 4050 251 4132 εἶμεν
273 4060 357 4123 cett.;
382 4054 522 4127 seriptum
546 4059 609 4110 erat
630 4049 723 4130 η’(ε
736 4049 824 4124 ὀκτώ)
845 4049 906 4129 μὲν.
954 4053 1001 4110 18.
1022 4049 1098 4130 μετὰ
1121 4049 1247 4127 τούτους]

11 4149 13 4188 1
177 4158 240 4195 cum
265 4137 379 4206 AOEW,
404 4135 479 4215 μετὰ
509 4132 574 4200 τούς
602 4137 647 4194 F?
679 4137 730 4195 BR
752 4137 828 4208 Bas„
857 4133 919 4214 μετ’
944 4135 1049 4200 αὐτοὺς
1069 4138 1149 4206 WT;
1178 4138 1194 4213 ἓ
1219 4140 1246 4194 5.

11 4193 15 4272 1
