<?xml version="1.0" encoding="UTF-8"?>
<!DOCTYPE html PUBLIC "-//W3C//DTD XHTML 1.0 Transitional//EN"
    "http://www.w3.org/TR/xhtml1/DTD/xhtml1-transitional.dtd">
<html xmlns="http://www.w3.org/1999/xhtml" xml:lang="en" lang="en">
 <head>
  <title>
</title>
<meta http-equiv="Content-Type" content="text/html;charset=utf-8" />
  <meta name='ocr-system' content='tesseract 3.04.00' />
  <meta name='ocr-capabilities' content='ocr_page ocr_carea ocr_par ocr_line ocrx_word'/>
</head>
<body>
  <div class='ocr_page' id='page_1' title='image "./quaestionesarch00heibgoog_0013.png"; bbox 0 0 2750 4594; ppageno 0'>
   <div class='ocr_carea' id='block_1_1' title="bbox 604 1223 780 1343">
    <p class='ocr_par' dir='ltr' id='par_1_1' title="bbox 604 1223 780 1343">
     <span class='ocr_line' id='line_1_1' title="bbox 604 1223 780 1343; baseline 0.006 -27"><span class='ocrx_word' id='word_1_1' title='bbox 604 1223 725 1343; x_wconf 83' lang='lat' dir='ltr'>Caput</span> <span class='ocrx_word' id='word_1_2' title='bbox 758 1226 780 1317; x_wconf 88' lang='grc' dir='ltr'>Ι.</span> 
     </span>
    </p>
   </div>
   <div class='ocr_carea' id='block_1_2' title="bbox 494 1410 885 1468">
    <p class='ocr_par' dir='ltr' id='par_1_2' title="bbox 494 1410 885 1468">
     <span class='ocr_line' id='line_1_2' title="bbox 494 1410 885 1468; baseline 0 -3"><span class='ocrx_word' id='word_1_3' title='bbox 494 1411 545 1466; x_wconf 88' lang='lat' dir='ltr'>De</span> <span class='ocrx_word' id='word_1_4' title='bbox 562 1410 636 1467; x_wconf 81' lang='lat' dir='ltr'>uite</span> <span class='ocrx_word' id='word_1_5' title='bbox 654 1411 885 1468; x_wconf 78' lang='lat' dir='ltr'><strong>Archimedis.</strong></span> 
     </span>
    </p>
   </div>
   <div class='ocr_carea' id='block_1_3' title="bbox 642 1563 742 1570">
    <p class='ocr_par' dir='ltr' id='par_1_3' title="bbox 642 1563 742 1570">
     <span class='ocr_line' id='line_1_3' title="bbox 642 1563 742 1570; baseline 0 0"><span class='ocrx_word' id='word_1_6' title='bbox 642 1563 742 1570; x_wconf 75' lang='lat'>--—-</span> 
     </span>
    </p>
   </div>
   <div class='ocr_carea' id='block_1_4' title="bbox 72 1619 1253 3589">
    <p class='ocr_par' dir='ltr' id='par_1_4' title="bbox 72 1619 1253 3589">
     <span class='ocr_line' id='line_1_4' title="bbox 258 1619 1227 1761; baseline -0.001 -19"><span class='ocrx_word' id='word_1_7' title='bbox 258 1619 298 1742; x_wconf 81' lang='grc' dir='ltr'><em>Ρ</em></span> <span class='ocrx_word' id='word_1_8' title='bbox 301 1699 386 1742; x_wconf 91' lang='lat' dir='ltr'>auca</span> <span class='ocrx_word' id='word_1_9' title='bbox 413 1688 490 1741; x_wconf 86' lang='lat' dir='ltr'>sunt</span> <span class='ocrx_word' id='word_1_10' title='bbox 519 1689 554 1741; x_wconf 93' lang='lat' dir='ltr'>et</span> <span class='ocrx_word' id='word_1_11' title='bbox 579 1680 746 1761; x_wconf 90' lang='lat' dir='ltr'>dispersa,</span> <span class='ocrx_word' id='word_1_12' title='bbox 774 1699 861 1760; x_wconf 85' lang='lat' dir='ltr'>quae</span> <span class='ocrx_word' id='word_1_13' title='bbox 888 1681 930 1741; x_wconf 93' lang='lat' dir='ltr'>de</span> <span class='ocrx_word' id='word_1_14' title='bbox 957 1679 1034 1741; x_wconf 89' lang='lat' dir='ltr'>uitis</span> <span class='ocrx_word' id='word_1_15' title='bbox 1063 1681 1227 1742; x_wconf 85' lang='lat' dir='ltr'>clarorum</span> 
     </span>
     <span class='ocr_line' id='line_1_5' title="bbox 158 1787 1229 1868; baseline -0.002 -18"><span class='ocrx_word' id='word_1_16' title='bbox 158 1787 323 1851; x_wconf 82' lang='lat' dir='ltr'>Graeciae</span> <span class='ocrx_word' id='word_1_17' title='bbox 340 1787 654 1849; x_wconf 82' lang='lat' dir='ltr'>mathematicorum</span> <span class='ocrx_word' id='word_1_18' title='bbox 673 1788 859 1860; x_wconf 80' lang='lat' dir='ltr'>traduntur,</span> <span class='ocrx_word' id='word_1_19' title='bbox 881 1807 992 1867; x_wconf 92' lang='lat' dir='ltr'>neque</span> <span class='ocrx_word' id='word_1_20' title='bbox 1010 1787 1114 1849; x_wconf 90' lang='lat' dir='ltr'>multo</span> <span class='ocrx_word' id='word_1_21' title='bbox 1132 1788 1229 1868; x_wconf 87' lang='lat' dir='ltr'>plura</span> 
     </span>
     <span class='ocr_line' id='line_1_6' title="bbox 159 1892 1253 1977; baseline -0.001 -20"><span class='ocrx_word' id='word_1_22' title='bbox 159 1895 364 1977; x_wconf 87' lang='lat' dir='ltr'>posteriores</span> <span class='ocrx_word' id='word_1_23' title='bbox 387 1892 510 1957; x_wconf 87' lang='lat' dir='ltr'>Graeci</span> <span class='ocrx_word' id='word_1_24' title='bbox 533 1894 672 1956; x_wconf 90' lang='lat' dir='ltr'>sciuisse</span> <span class='ocrx_word' id='word_1_25' title='bbox 698 1894 862 1956; x_wconf 91' lang='lat' dir='ltr'>uidentur.</span> <span class='ocrx_word' id='word_1_26' title='bbox 906 1894 1011 1956; x_wconf 91' lang='lat' dir='ltr'>Uelut</span> <span class='ocrx_word' id='word_1_27' title='bbox 1032 1894 1171 1956; x_wconf 90' lang='lat' dir='ltr'>Proclus</span> <span class='ocrx_word' id='word_1_28' title='bbox 1193 1895 1227 1956; x_wconf 91' lang='lat' dir='ltr'>in</span> <span class='ocrx_word' id='word_1_29' title='bbox 1251 1960 1253 1965; x_wconf 70' lang='grc'>,</span> 
     </span>
     <span class='ocr_line' id='line_1_7' title="bbox 158 2001 1228 2083; baseline -0.003 -17"><span class='ocrx_word' id='word_1_30' title='bbox 158 2002 400 2066; x_wconf 90' lang='lat' dir='ltr'>commentario</span> <span class='ocrx_word' id='word_1_31' title='bbox 432 2001 466 2062; x_wconf 90' lang='lat' dir='ltr'>in</span> <span class='ocrx_word' id='word_1_32' title='bbox 492 2001 666 2064; x_wconf 87' lang='lat' dir='ltr'>Euclidem</span> <span class='ocrx_word' id='word_1_33' title='bbox 695 2021 727 2082; x_wconf 93' lang='lat' dir='ltr'>p.</span> <span class='ocrx_word' id='word_1_34' title='bbox 760 2005 800 2062; x_wconf 88' lang='lat'>68</span> <span class='ocrx_word' id='word_1_35' title='bbox 831 2003 873 2064; x_wconf 93' lang='lat' dir='ltr'>de</span> <span class='ocrx_word' id='word_1_36' title='bbox 896 2002 1043 2064; x_wconf 87' lang='lat' dir='ltr'>Euclidis</span> <span class='ocrx_word' id='word_1_37' title='bbox 1076 2011 1228 2083; x_wconf 88' lang='lat' dir='ltr'>ternpore</span> 
     </span>
     <span class='ocr_line' id='line_1_8' title="bbox 157 2108 1229 2190; baseline -0.001 -18"><span class='ocrx_word' id='word_1_38' title='bbox 157 2111 387 2173; x_wconf 87' lang='lat' dir='ltr'>coniecturam</span> <span class='ocrx_word' id='word_1_39' title='bbox 418 2110 651 2171; x_wconf 90' lang='lat' dir='ltr'>tantummodo</span> <span class='ocrx_word' id='word_1_40' title='bbox 688 2108 800 2172; x_wconf 87' lang='lat' dir='ltr'>facere</span> <span class='ocrx_word' id='word_1_41' title='bbox 834 2109 944 2190; x_wconf 89' lang='lat' dir='ltr'>potuit</span> <span class='ocrx_word' id='word_1_42' title='bbox 981 2129 1026 2171; x_wconf 86' lang='lat' dir='ltr'>ex</span> <span class='ocrx_word' id='word_1_43' title='bbox 1059 2110 1229 2171; x_wconf 88' lang='lat' dir='ltr'>mentione</span> 
     </span>
     <span class='ocr_line' id='line_1_9' title="bbox 157 2215 1227 2298; baseline -0.002 -18"><span class='ocrx_word' id='word_1_44' title='bbox 157 2219 229 2280; x_wconf 91' lang='lat' dir='ltr'>eius</span> <span class='ocrx_word' id='word_1_45' title='bbox 253 2219 296 2279; x_wconf 96' lang='lat' dir='ltr'>ab</span> <span class='ocrx_word' id='word_1_46' title='bbox 319 2215 528 2278; x_wconf 89' lang='lat' dir='ltr'>Archimede</span> <span class='ocrx_word' id='word_1_47' title='bbox 557 2216 648 2280; x_wconf 85' lang='lat' dir='ltr'>facta</span> <span class='ocrx_word' id='word_1_48' title='bbox 677 2228 711 2279; x_wconf 91' lang='lat' dir='ltr'>et</span> <span class='ocrx_word' id='word_1_49' title='bbox 734 2237 779 2279; x_wconf 84' lang='lat' dir='ltr'>ex</span> <span class='ocrx_word' id='word_1_50' title='bbox 801 2218 1049 2280; x_wconf 88' lang='lat' dir='ltr'>narratiuncula</span> <span class='ocrx_word' id='word_1_51' title='bbox 1071 2219 1227 2298; x_wconf 85' lang='lat' dir='ltr'>quadam,</span> 
     </span>
     <span class='ocr_line' id='line_1_10' title="bbox 157 2324 1227 2407; baseline -0.001 -19"><span class='ocrx_word' id='word_1_52' title='bbox 157 2345 225 2406; x_wconf 93' lang='lat' dir='ltr'>qua</span> <span class='ocrx_word' id='word_1_53' title='bbox 247 2341 437 2387; x_wconf 90' lang='lat' dir='ltr'>sermonem</span> <span class='ocrx_word' id='word_1_54' title='bbox 459 2344 535 2387; x_wconf 92' lang='lat' dir='ltr'>cum</span> <span class='ocrx_word' id='word_1_55' title='bbox 553 2324 749 2387; x_wconf 87' lang='lat' dir='ltr'>Ptolemaeo</span> <span class='ocrx_word' id='word_1_56' title='bbox 769 2344 851 2407; x_wconf 87' lang='lat' dir='ltr'>rege</span> <span class='ocrx_word' id='word_1_57' title='bbox 869 2326 1028 2387; x_wconf 90' lang='lat' dir='ltr'>habuisse</span> <span class='ocrx_word' id='word_1_58' title='bbox 1045 2324 1227 2388; x_wconf 84' lang='lat' dir='ltr'>ferebatur.</span> 
     </span>
     <span class='ocr_line' id='line_1_11' title="bbox 155 2431 1228 2512; baseline -0.001 -17"><span class='ocrx_word' id='word_1_59' title='bbox 155 2433 329 2495; x_wconf 91' lang='lat' dir='ltr'>Uiuebant</span> <span class='ocrx_word' id='word_1_60' title='bbox 360 2431 423 2494; x_wconf 88' lang='lat' dir='ltr'>uiri</span> <span class='ocrx_word' id='word_1_61' title='bbox 463 2432 553 2494; x_wconf 90' lang='lat' dir='ltr'>docti</span> <span class='ocrx_word' id='word_1_62' title='bbox 586 2432 772 2512; x_wconf 89' lang='lat' dir='ltr'>studiisque</span> <span class='ocrx_word' id='word_1_63' title='bbox 810 2433 915 2495; x_wconf 92' lang='lat' dir='ltr'>dediti</span> <span class='ocrx_word' id='word_1_64' title='bbox 948 2433 1174 2494; x_wconf 89' lang='lat' dir='ltr'>seuerioribus</span> <span class='ocrx_word' id='word_1_65' title='bbox 1207 2452 1228 2494; x_wconf 86' lang='lat' dir='ltr'>a</span> 
     </span>
     <span class='ocr_line' id='line_1_12' title="bbox 155 2540 1226 2622; baseline 0 -20"><span class='ocrx_word' id='word_1_66' title='bbox 155 2542 311 2622; x_wconf 89' lang='lat' dir='ltr'>publicae</span> <span class='ocrx_word' id='word_1_67' title='bbox 327 2540 418 2602; x_wconf 83' lang='lat' dir='ltr'>uitae</span> <span class='ocrx_word' id='word_1_68' title='bbox 441 2540 540 2601; x_wconf 87' lang='lat' dir='ltr'>turba</span> <span class='ocrx_word' id='word_1_69' title='bbox 561 2540 774 2622; x_wconf 87' lang='lat' dir='ltr'>negotiisque</span> <span class='ocrx_word' id='word_1_70' title='bbox 793 2541 912 2603; x_wconf 91' lang='lat' dir='ltr'>remoti</span> <span class='ocrx_word' id='word_1_71' title='bbox 932 2550 966 2602; x_wconf 91' lang='lat' dir='ltr'>et</span> <span class='ocrx_word' id='word_1_72' title='bbox 984 2541 1087 2622; x_wconf 86' lang='lat' dir='ltr'>uulgo</span> <span class='ocrx_word' id='word_1_73' title='bbox 1110 2541 1226 2622; x_wconf 85' lang='lat' dir='ltr'>ignoti,</span> 
     </span>
     <span class='ocr_line' id='line_1_13' title="bbox 155 2647 1229 2729; baseline -0.001 -19"><span class='ocrx_word' id='word_1_74' title='bbox 155 2669 218 2711; x_wconf 88' lang='lat' dir='ltr'>nec</span> <span class='ocrx_word' id='word_1_75' title='bbox 247 2667 351 2729; x_wconf 91' lang='lat' dir='ltr'>opera</span> <span class='ocrx_word' id='word_1_76' title='bbox 381 2667 496 2708; x_wconf 88' lang='lat' dir='ltr'>eorum</span> <span class='ocrx_word' id='word_1_77' title='bbox 528 2647 599 2710; x_wconf 88' lang='lat' dir='ltr'>fere</span> <span class='ocrx_word' id='word_1_78' title='bbox 629 2648 813 2728; x_wconf 91' lang='lat' dir='ltr'>quidquam</span> <span class='ocrx_word' id='word_1_79' title='bbox 841 2648 1029 2721; x_wconf 90' lang='lat' dir='ltr'>continent,</span> <span class='ocrx_word' id='word_1_80' title='bbox 1062 2649 1155 2728; x_wconf 90' lang='lat' dir='ltr'>quod</span> <span class='ocrx_word' id='word_1_81' title='bbox 1184 2650 1229 2710; x_wconf 86' lang='lat' dir='ltr'>ad</span> 
     </span>
     <span class='ocr_line' id='line_1_14' title="bbox 157 2755 1228 2838; baseline -0.002 -20"><span class='ocrx_word' id='word_1_82' title='bbox 157 2766 305 2818; x_wconf 87' lang='lat' dir='ltr'>aetatem</span> <span class='ocrx_word' id='word_1_83' title='bbox 328 2774 444 2816; x_wconf 88' lang='lat' dir='ltr'>eorum</span> <span class='ocrx_word' id='word_1_84' title='bbox 465 2755 637 2835; x_wconf 90' lang='lat' dir='ltr'>uitamque</span> <span class='ocrx_word' id='word_1_85' title='bbox 663 2756 832 2836; x_wconf 85' lang='lat' dir='ltr'>priuatam</span> <span class='ocrx_word' id='word_1_86' title='bbox 859 2757 1131 2838; x_wconf 88' lang='lat' dir='ltr'>cognoscendam</span> <span class='ocrx_word' id='word_1_87' title='bbox 1153 2775 1228 2837; x_wconf 65' lang='lat' dir='ltr'>peq-</span> 
     </span>
     <span class='ocr_line' id='line_1_15' title="bbox 155 2860 1226 2944; baseline -0.001 -20"><span class='ocrx_word' id='word_1_88' title='bbox 155 2864 271 2925; x_wconf 90' lang='lat' dir='ltr'>tineat.</span> <span class='ocrx_word' id='word_1_89' title='bbox 315 2862 369 2924; x_wconf 91' lang='lat' dir='ltr'>De</span> <span class='ocrx_word' id='word_1_90' title='bbox 392 2860 599 2924; x_wconf 83' lang='lat' dir='ltr'>Archimede</span> <span class='ocrx_word' id='word_1_91' title='bbox 622 2873 737 2924; x_wconf 87' lang='lat' dir='ltr'>tamen</span> <span class='ocrx_word' id='word_1_92' title='bbox 765 2861 937 2944; x_wconf 87' lang='lat' dir='ltr'>aliquanto</span> <span class='ocrx_word' id='word_1_93' title='bbox 959 2865 1117 2926; x_wconf 85' lang='lat' dir='ltr'>uberiora</span> <span class='ocrx_word' id='word_1_94' title='bbox 1138 2882 1226 2925; x_wconf 89' lang='lat' dir='ltr'>corn-</span> 
     </span>
     <span class='ocr_line' id='line_1_16' title="bbox 72 2969 1228 3052; baseline 0 -20"><span class='ocrx_word' id='word_1_95' title='bbox 72 3041 75 3046; x_wconf 28' lang='lat'>·</span> <span class='ocrx_word' id='word_1_96' title='bbox 156 2971 314 3052; x_wconf 87' lang='lat' dir='ltr'>perimus,</span> <span class='ocrx_word' id='word_1_97' title='bbox 338 2979 373 3031; x_wconf 95' lang='lat' dir='ltr'>et</span> <span class='ocrx_word' id='word_1_98' title='bbox 396 2970 475 3049; x_wconf 92' lang='lat' dir='ltr'>quia</span> <span class='ocrx_word' id='word_1_99' title='bbox 497 2969 649 3032; x_wconf 86' lang='lat' dir='ltr'>defensio</span> <span class='ocrx_word' id='word_1_100' title='bbox 661 2969 906 3052; x_wconf 86' lang='lat' dir='ltr'>Syracusarum</span> <span class='ocrx_word' id='word_1_101' title='bbox 925 2980 997 3032; x_wconf 90' lang='lat' dir='ltr'>arte</span> <span class='ocrx_word' id='word_1_102' title='bbox 1020 2971 1091 3032; x_wconf 93' lang='lat' dir='ltr'>eius</span> <span class='ocrx_word' id='word_1_103' title='bbox 1113 2971 1228 3032; x_wconf 78' lang='lat' dir='ltr'>adiuta</span> 
     </span>
     <span class='ocr_line' id='line_1_17' title="bbox 156 3076 1226 3159; baseline -0.002 -20"><span class='ocrx_word' id='word_1_104' title='bbox 156 3079 282 3140; x_wconf 86' lang='lat' dir='ltr'>clarum</span> <span class='ocrx_word' id='word_1_105' title='bbox 296 3097 386 3138; x_wconf 85' lang='lat' dir='ltr'>eum</span> <span class='ocrx_word' id='word_1_106' title='bbox 415 3077 623 3152; x_wconf 84' lang='lat' dir='ltr'>reddiderat,</span> <span class='ocrx_word' id='word_1_107' title='bbox 655 3088 690 3140; x_wconf 91' lang='lat' dir='ltr'>et</span> <span class='ocrx_word' id='word_1_108' title='bbox 712 3077 791 3158; x_wconf 92' lang='lat' dir='ltr'>quia</span> <span class='ocrx_word' id='word_1_109' title='bbox 813 3078 945 3159; x_wconf 87' lang='lat' dir='ltr'>scriptis</span> <span class='ocrx_word' id='word_1_110' title='bbox 969 3078 1039 3138; x_wconf 92' lang='lat' dir='ltr'>eius</span> <span class='ocrx_word' id='word_1_111' title='bbox 1062 3076 1226 3156; x_wconf 86' lang='lat' dir='ltr'>epistulae</span> 
     </span>
     <span class='ocr_line' id='line_1_18' title="bbox 133 3182 1227 3266; baseline -0.003 -20"><span class='ocrx_word' id='word_1_112' title='bbox 133 3183 227 3246; x_wconf 49' lang='lat' dir='ltr'>¹fere</span> <span class='ocrx_word' id='word_1_113' title='bbox 250 3185 516 3265; x_wconf 84' lang='lat' dir='ltr'>praemittuntur,</span> <span class='ocrx_word' id='word_1_114' title='bbox 539 3185 574 3246; x_wconf 93' lang='lat' dir='ltr'>in</span> <span class='ocrx_word' id='word_1_115' title='bbox 597 3185 717 3266; x_wconf 90' lang='lat' dir='ltr'>quibus</span> <span class='ocrx_word' id='word_1_116' title='bbox 736 3187 780 3246; x_wconf 90' lang='lat' dir='ltr'>de</span> <span class='ocrx_word' id='word_1_117' title='bbox 803 3205 839 3246; x_wconf 92' lang='lat' dir='ltr'>se</span> <span class='ocrx_word' id='word_1_118' title='bbox 861 3186 934 3265; x_wconf 92' lang='lat' dir='ltr'>ipse</span> <span class='ocrx_word' id='word_1_119' title='bbox 951 3183 1106 3264; x_wconf 88' lang='lat' dir='ltr'>loquitur.</span> <span class='ocrx_word' id='word_1_120' title='bbox 1154 3182 1227 3244; x_wconf 91' lang='lat' dir='ltr'>Iam</span> 
     </span>
     <span class='ocr_line' id='line_1_19' title="bbox 156 3291 1226 3373; baseline -0.001 -20"><span class='ocrx_word' id='word_1_121' title='bbox 156 3293 339 3372; x_wconf 88' lang='lat' dir='ltr'>antiquitus</span> <span class='ocrx_word' id='word_1_122' title='bbox 368 3292 623 3354; x_wconf 90' lang='lat' dir='ltr'>Heraclides</span> <span class='ocrx_word' id='word_1_123' title='bbox 653 3293 791 3373; x_wconf 90' lang='lat' dir='ltr'>quidam</span> <span class='ocrx_word' id='word_1_124' title='bbox 819 3293 924 3353; x_wconf 88' lang='lat' dir='ltr'>uitam</span> <span class='ocrx_word' id='word_1_125' title='bbox 958 3292 1029 3353; x_wconf 90' lang='lat' dir='ltr'>eius</span> <span class='ocrx_word' id='word_1_126' title='bbox 1059 3291 1226 3372; x_wconf 90' lang='lat' dir='ltr'>conscrip-</span> 
     </span>
     <span class='ocr_line' id='line_1_20' title="bbox 155 3400 1226 3482; baseline -0.002 -20"><span class='ocrx_word' id='word_1_127' title='bbox 155 3409 247 3462; x_wconf 91' lang='lat' dir='ltr'>serat</span> <span class='ocrx_word' id='word_1_128' title='bbox 273 3402 308 3482; x_wconf 83' lang='lat'>1),</span> <span class='ocrx_word' id='word_1_129' title='bbox 331 3402 519 3480; x_wconf 90' lang='lat' dir='ltr'>eademque</span> <span class='ocrx_word' id='word_1_130' title='bbox 542 3402 585 3462; x_wconf 92' lang='lat' dir='ltr'>de</span> <span class='ocrx_word' id='word_1_131' title='bbox 608 3420 645 3462; x_wconf 91' lang='lat' dir='ltr'>re</span> <span class='ocrx_word' id='word_1_132' title='bbox 668 3401 856 3480; x_wconf 89' lang='lat' dir='ltr'>complures</span> <span class='ocrx_word' id='word_1_133' title='bbox 869 3400 1054 3462; x_wconf 87' lang='lat' dir='ltr'>recentiore</span> <span class='ocrx_word' id='word_1_134' title='bbox 1072 3409 1226 3480; x_wconf 89' lang='lat' dir='ltr'>ternpore</span> 
     </span>
     <span class='ocr_line' id='line_1_21' title="bbox 157 3510 363 3589; baseline 0 -20"><span class='ocrx_word' id='word_1_135' title='bbox 157 3518 302 3589; x_wconf 88' lang='lat' dir='ltr'>egerunt</span> <span class='ocrx_word' id='word_1_136' title='bbox 326 3510 363 3587; x_wconf 85' lang='lat'>2).</span> 
     </span>
    </p>
   </div>
   <div class='ocr_carea' id='block_1_5' title="bbox 155 3613 1230 4120">
    <p class='ocr_par' dir='ltr' id='par_1_5' title="bbox 155 3613 1230 4120">
     <span class='ocr_line' id='line_1_22' title="bbox 246 3613 1226 3695; baseline -0.003 -18"><span class='ocrx_word' id='word_1_137' title='bbox 246 3618 281 3695; x_wconf 84' lang='lat'>1).</span> <span class='ocrx_word' id='word_1_138' title='bbox 326 3614 484 3677; x_wconf 90' lang='lat' dir='ltr'>Eutocius</span> <span class='ocrx_word' id='word_1_139' title='bbox 507 3625 683 3677; x_wconf 79' lang='lat' dir='ltr'>comment,</span> <span class='ocrx_word' id='word_1_140' title='bbox 714 3616 748 3675; x_wconf 92' lang='lat' dir='ltr'>in</span> <span class='ocrx_word' id='word_1_141' title='bbox 769 3613 1157 3677; x_wconf 88' lang='lat' dir='ltr'>Archimedis-libellum</span> <span class='ocrx_word' id='word_1_142' title='bbox 1183 3615 1226 3675; x_wconf 94' lang='lat' dir='ltr'>de</span> 
     </span>
     <span class='ocr_line' id='line_1_23' title="bbox 155 3698 1230 3781; baseline -0.005 -18"><span class='ocrx_word' id='word_1_143' title='bbox 155 3701 270 3764; x_wconf 91' lang='lat' dir='ltr'>circuli</span> <span class='ocrx_word' id='word_1_144' title='bbox 292 3700 498 3763; x_wconf 91' lang='lat' dir='ltr'>dimensione</span> <span class='ocrx_word' id='word_1_145' title='bbox 524 3721 556 3781; x_wconf 90' lang='lat' dir='ltr'>p.</span> <span class='ocrx_word' id='word_1_146' title='bbox 589 3722 649 3777; x_wconf 78' lang='lat'>²04</span> <span class='ocrx_word' id='word_1_147' title='bbox 672 3701 724 3762; x_wconf 91' lang='lat' dir='ltr'>ed.</span> <span class='ocrx_word' id='word_1_148' title='bbox 748 3698 860 3762; x_wconf 85' lang='lat' dir='ltr'>Oxon.</span> <span class='ocrx_word' id='word_1_149' title='bbox 889 3699 931 3765; x_wconf 79' lang='grc' dir='ltr'>ὣς</span> <span class='ocrx_word' id='word_1_150' title='bbox 950 3722 1032 3780; x_wconf 68' lang='grc' dir='ltr'><em>φησιν</em></span> <span class='ocrx_word' id='word_1_151' title='bbox 1050 3699 1230 3779; x_wconf 80' lang='grc' dir='ltr'><em>Ἡρακλείδης</em></span> 
     </span>
     <span class='ocr_line' id='line_1_24' title="bbox 156 3784 1227 3868; baseline -0.001 -22"><span class='ocrx_word' id='word_1_152' title='bbox 156 3786 186 3846; x_wconf 87' lang='grc' dir='ltr'>ἐν</span> <span class='ocrx_word' id='word_1_153' title='bbox 209 3791 252 3865; x_wconf 78' lang='grc' dir='ltr'>τῷ</span> <span class='ocrx_word' id='word_1_154' title='bbox 273 3786 450 3868; x_wconf 71' lang='grc' dir='ltr'><em>Ἀρχιμήδους</em></span> <span class='ocrx_word' id='word_1_155' title='bbox 480 3786 547 3865; x_wconf 80' lang='grc' dir='ltr'><em>βίῳ.</em></span> <span class='ocrx_word' id='word_1_156' title='bbox 592 3784 670 3849; x_wconf 91' lang='lat' dir='ltr'>Scio</span> <span class='ocrx_word' id='word_1_157' title='bbox 697 3786 871 3864; x_wconf 90' lang='lat' dir='ltr'>equidem,</span> <span class='ocrx_word' id='word_1_158' title='bbox 901 3787 1045 3848; x_wconf 92' lang='lat' dir='ltr'>eundem</span> <span class='ocrx_word' id='word_1_159' title='bbox 1074 3785 1107 3845; x_wconf 92' lang='lat' dir='ltr'>in</span> <span class='ocrx_word' id='word_1_160' title='bbox 1136 3804 1227 3847; x_wconf 91' lang='lat' dir='ltr'>com·</span> 
     </span>
     <span class='ocr_line' id='line_1_25' title="bbox 155 3869 1229 3953; baseline 0 -20"><span class='ocrx_word' id='word_1_161' title='bbox 155 3871 319 3933; x_wconf 88' lang='lat' dir='ltr'>mentario</span> <span class='ocrx_word' id='word_1_162' title='bbox 350 3870 383 3932; x_wconf 91' lang='lat' dir='ltr'>in</span> <span class='ocrx_word' id='word_1_163' title='bbox 406 3869 624 3950; x_wconf 84' lang='lat' dir='ltr'>Apollonium</span> <span class='ocrx_word' id='word_1_164' title='bbox 653 3891 685 3951; x_wconf 91' lang='lat' dir='ltr'>p.</span> <span class='ocrx_word' id='word_1_165' title='bbox 710 3875 728 3930; x_wconf 93' lang='lat'>8</span> <span class='ocrx_word' id='word_1_166' title='bbox 752 3872 804 3932; x_wconf 90' lang='lat' dir='ltr'>ed.</span> <span class='ocrx_word' id='word_1_167' title='bbox 846 3869 972 3953; x_wconf 88' lang='lat' dir='ltr'>Halley</span> <span class='ocrx_word' id='word_1_168' title='bbox 993 3870 1157 3932; x_wconf 89' lang='lat' dir='ltr'>scribere:</span> <span class='ocrx_word' id='word_1_169' title='bbox 1188 3869 1229 3933; x_wconf 82' lang='grc' dir='ltr'>ὡς</span> 
     </span>
     <span class='ocr_line' id='line_1_26' title="bbox 156 3954 1227 4037; baseline 0 -21"><span class='ocrx_word' id='word_1_170' title='bbox 156 3957 266 4036; x_wconf 78' lang='grc' dir='ltr'><em>ἱστορεῖ</em></span> <span class='ocrx_word' id='word_1_171' title='bbox 283 3955 442 4036; x_wconf 82' lang='grc' dir='ltr'><em>Ἡράκλειος</em></span> <span class='ocrx_word' id='word_1_172' title='bbox 469 3959 509 4020; x_wconf 85' lang='grc' dir='ltr'>εἰς</span> <span class='ocrx_word' id='word_1_173' title='bbox 533 3957 581 4016; x_wconf 83' lang='grc' dir='ltr'>τὸν</span> <span class='ocrx_word' id='word_1_174' title='bbox 609 3957 672 4033; x_wconf 79' lang='grc' dir='ltr'><em>βίον</em></span> <span class='ocrx_word' id='word_1_175' title='bbox 700 3955 879 4037; x_wconf 69' lang='grc' dir='ltr'><em>Ἀρχιμήδους</em></span> <span class='ocrx_word' id='word_1_176' title='bbox 904 3957 1035 4036; x_wconf 72' lang='grc' dir='ltr'><em>γράφων,</em></span> <span class='ocrx_word' id='word_1_177' title='bbox 1065 3957 1126 4016; x_wconf 87' lang='lat' dir='ltr'>sed</span> <span class='ocrx_word' id='word_1_178' title='bbox 1155 3954 1227 4016; x_wconf 82' lang='lat' dir='ltr'>sine</span> 
     </span>
     <span class='ocr_line' id='line_1_27' title="bbox 157 4037 1226 4120; baseline -0.003 -17"><span class='ocrx_word' id='word_1_179' title='bbox 157 4041 259 4103; x_wconf 91' lang='lat' dir='ltr'>dubio</span> <span class='ocrx_word' id='word_1_180' title='bbox 288 4041 353 4102; x_wconf 92' lang='lat' dir='ltr'>hoc</span> <span class='ocrx_word' id='word_1_181' title='bbox 374 4042 448 4102; x_wconf 89' lang='lat' dir='ltr'>loco</span> <span class='ocrx_word' id='word_1_182' title='bbox 467 4037 625 4119; x_wconf 80' lang='grc' dir='ltr'><em>Ἡράκλειος</em></span> <span class='ocrx_word' id='word_1_183' title='bbox 645 4041 680 4103; x_wconf 93' lang='lat' dir='ltr'>in</span> <span class='ocrx_word' id='word_1_184' title='bbox 698 4038 877 4120; x_wconf 70' lang='grc' dir='ltr'><em>Ἡρακλείδης</em></span> <span class='ocrx_word' id='word_1_185' title='bbox 904 4041 1118 4112; x_wconf 88' lang='lat' dir='ltr'>mutandum;</span> <span class='ocrx_word' id='word_1_186' title='bbox 1148 4059 1226 4101; x_wconf 91' lang='lat' dir='ltr'>nam</span> 
     </span>
    </p>
   </div>
   <div class='ocr_carea' id='block_1_6' title="bbox 155 4123 1227 4292">
    <p class='ocr_par' dir='ltr' id='par_1_6' title="bbox 155 4123 1227 4292">
     <span class='ocr_line' id='line_1_28' title="bbox 156 4123 1227 4207; baseline -0.004 -19"><span class='ocrx_word' id='word_1_187' title='bbox 156 4126 392 4207; x_wconf 90' lang='lat' dir='ltr'>compendium</span> <span class='ocrx_word' id='word_1_188' title='bbox 415 4125 560 4186; x_wconf 90' lang='lat' dir='ltr'>nominis</span> <span class='ocrx_word' id='word_1_189' title='bbox 573 4123 760 4205; x_wconf 74' lang='grc' dir='ltr'><em>Ἡρακλείδης,</em></span> <span class='ocrx_word' id='word_1_190' title='bbox 780 4126 824 4187; x_wconf 90' lang='lat' dir='ltr'>de</span> <span class='ocrx_word' id='word_1_191' title='bbox 845 4145 912 4205; x_wconf 92' lang='lat' dir='ltr'>quo</span> <span class='ocrx_word' id='word_1_192' title='bbox 935 4127 1022 4187; x_wconf 84' lang='lat' dir='ltr'>dixit</span> <span class='ocrx_word' id='word_1_193' title='bbox 1040 4124 1175 4186; x_wconf 77' lang='lat' dir='ltr'>Bestius</span> <span class='ocrx_word' id='word_1_194' title='bbox 1193 4124 1227 4184; x_wconf 95' lang='lat' dir='ltr'>in</span> 
     </span>
     <span class='ocr_line' id='line_1_29' title="bbox 155 4207 1226 4292; baseline -0.006 -17"><span class='ocrx_word' id='word_1_195' title='bbox 155 4209 333 4275; x_wconf 87' lang='lat' dir='ltr'>Schaeferi</span> <span class='ocrx_word' id='word_1_196' title='bbox 359 4208 526 4292; x_wconf 79' lang='lat' dir='ltr'>Gregorio</span> <span class='ocrx_word' id='word_1_197' title='bbox 558 4230 590 4290; x_wconf 92' lang='lat' dir='ltr'>p.</span> <span class='ocrx_word' id='word_1_198' title='bbox 625 4215 697 4284; x_wconf 85' lang='lat'>881,</span> <span class='ocrx_word' id='word_1_199' title='bbox 730 4207 829 4272; x_wconf 84' lang='lat' dir='ltr'>facile</span> <span class='ocrx_word' id='word_1_200' title='bbox 861 4230 924 4291; x_wconf 88' lang='lat' dir='ltr'>pro</span> <span class='ocrx_word' id='word_1_201' title='bbox 950 4211 1111 4290; x_wconf 74' lang='grc' dir='ltr'><em>Ἡράκλειυς</em></span> <span class='ocrx_word' id='word_1_202' title='bbox 1142 4209 1226 4270; x_wconf 95' lang='lat' dir='ltr'>acci-</span> 
     </span>
    </p>
   </div>
   <div class='ocr_carea' id='block_1_7' title="bbox 0 0 1380 4594">
    <p class='ocr_par' dir='ltr' id='par_1_7' title="bbox 0 0 1380 4594">
     <span class='ocr_line' id='line_1_30' title="bbox 0 0 1380 4594; baseline 0 0"><span class='ocrx_word' id='word_1_203' title='bbox 0 0 1380 4594; x_wconf 95' lang='lat' dir='ltr'> </span> 
     </span>
    </p>
   </div>
  </div>
 </body>
</html>
