2750 4594
646 333 687 390 39

117 524 263 588 catena,
293 535 339 576 ex
366 535 434 596 qua
464 515 682 596 dependebat
710 533 831 578 manus
854 515 911 576 illa
932 514 1059 588 ferrea,
1083 534 1207 577 nauem

118 624 157 683 in
180 624 294 684 undas
314 613 499 702 'mergebat
517 621 648 703 (Polyb.
662 621 755 696 VIII,
769 627 798 696 8,
813 643 904 699 2-—4.
938 622 1055 684 Liuius
1067 620 1205 696 XXIV,
1256 613 1261 620 ’

120 751 173 807 34,
204 750 338 791 10—11.
383 728 673 806 Plut.Marc.15.
718 728 859 792 Tzetzes
882 727 966 792 Chil.
989 729 1031 802 H,
1059 749 1112 790 ιιι
1135 731 1205 810 sq.).

115 834 228 899 Silius
256 836 330 898 Ital.
360 835 466 909 XIV,
496 857 559 914 320
589 856 637 916 sq.
670 845 784 899 autem
803 836 893 900 falsa
915 837 1096 899 immiscuit
1117 837 1208 898 ueris

121 961 280 1017 narrans,
303 943 549 1005 Archimedem
571 944 679 1006 uiros
701 963 837 1024 quoque
858 945 1030 1005 tollenone
1052 943 1206 1024 rapuisse

117 1061 228 1130 atque
251 1051 292 1111 in
319 1052 459 1113 urbem
488 1051 606 1112 tulisse
636 1051 677 1130 (u.
702 1053 878 1132 324—25);
908 1050 1030 1112 similia
1057 1051 1205 1112 Zonaras

118 1157 192 1230 IX,
232 1181 260 1235 4.
328 1157 514 1220 Tollenone
555 1158 654 1220 simili
697 1160 741 1220 ad
780 1158 933 1219 milites
951 1191 954 1198 ·
974 1159 1205 1248 corripiendos

120 1273 245 1344 postea
267 1266 450 1328 utebantur
470 1265 620 1328 Romani
643 1265 760 1344 (Tacit.
784 1265 872 1328 Hist.
895 1265 955 1339 IV,
980 1269 1046 1345 30),
1069 1267 1132 1328 sed
1162 1268 1205 1328 de

121 1371 335 1434 Archimede
359 1373 450 1453 apud
477 1373 743 1454 praestantiores
765 1381 921 1434 auctores
942 1372 1026 1434 nihil
1047 1373 1116 1443 tale
1138 1382 1204 1434 tra·

120 1480 232 1541 ditum
256 1489 316 1542 est
361 1479 547 1542 Praeterea
568 1480 603 1541 in
625 1500 721 1541 muro
751 1481 880 1561 passIm
909 1480 1007 1560 quasi
1035 1479 1203 1543 fenestras

116 1586 268 1667 aperuit,
303 1588 394 1648 unde
427 1587 496 1648 tela
519 1595 554 1648 et
576 1587 726 1668 sagittae
748 1588 783 1649 in
812 1588 929 1649 hostes
961 1597 1202 1668 oppugnantes

124 1695 342 1756 mitterentur
369 1693 548 1775 (τοξότιλες);
578 1693 743 1776 Polybius
771 1694 876 1774 (VIII,
901 1715 937 1773 7,
960 1696 991 1773 o)
1021 1713 1080 1756 eas
1108 1698 1202 1754 παλαι-

120 1803 233 1866 στιαίας
266 1803 299 1860 τὸ
337 1801 466 1881 μέγεθος
503 1802 578 1860 κατὰ
619 1803 668 1882 τὴν
701 1801 785 1866 ἐκτὸς
815 1800 978 1880 ἐπιφάνειαν
1011 1800 1116 1864 fuisse
1154 1803 1202 1864 di·

119 1907 183 1981 cit,
222 1909 315 1988 quod
350 1908 555 1970 »cubitales«
593 1908 682 1970 male
718 1907 867 1970 reddidit
907 1907 1023 1970 Liuius
1050 1909 1200 1987 (XXIV,

121 2035 171 2092 34,
196 2017 236 2095 9).
292 2015 347 2076 De
379 2015 420 2077 iis
452 2036 484 2078 u.
517 2026 655 2096 praeter
687 2016 819 2078 Liuium
848 2025 882 2078 et
910 2016 1090 2098 Polybium
1112 2016 1199 2078 Plut.

120 2121 226 2183 Marc.
273 2143 308 2200 15
352 2121 426 2196 fin.;
470 2123 669 2187 Mathemat.
708 2132 789 2187 uett.
830 2145 862 2205 p.
910 2145 988 2202 319;
1027 2121 1086 2186 Sil.
1124 2123 1199 2186 Ital.

120 2227 344 2308 x1v‚333.·

205 2336 405 2418 Antiquitus
423 2340 627 2420 peruulgata
645 2348 718 2401 erat
735 2338 837 2412 fama,
856 2337 1101 2401 Arohimedem
1124 2358 1199 2419 spe·

117 2443 203 2504 culis
233 2444 377 2506 classem
403 2444 600 2507 Romanam
629 2445 871 2518 combussisse,
894 2447 957 2506 sed
979 2447 1044 2508 hoc
1066 2446 1199 2509 silentio

119 2549 400 2630 praetermittitur
422 2571 443 2614 a
465 2553 685 2633 scriptoribus
703 2550 943 2632 antiquissimis
965 2551 1101 2633 fideque
1124 2553 1198 2635 dig-

119 2657 275 2719 nissImis.
320 2657 454 2721 Primus
483 2659 581 2722 huius
610 2661 660 2722 rei
687 2649 895 2721 mentionem
925 2658 1006 2721 facit
1028 2659 1197 2722 Lucienus

118 2763 223 2846 Hipp.
250 2785 284 2828 2:
308 2766 356 2824 τὸν
378 2765 411 2826 δὲ
433 2765 625 2848 (Ἀρχιμήδην)
649 2767 698 2832 τὰς
721 2769 777 2826 τῶν
806 2767 944 2845 πολεμίων
967 2766 1091 2846 τριήρεις
1110 2789 1197 2826 κατα·

120 2871 261 2948 φλέξαντα
301 2881 336 2953 τῇ
373 2872 475 2956 τέχνη;
522 2884 557 2934 et
590 2875 711 2936 eodem
744 2873 818 2936 fere
857 2884 1011 2954 tempore
1045 2871 1196 2936 Galenus

119 2977 188 3058 Περὶ
210 2999 309 3057 upum,
324 2978 383 3052 HI,
409 2999 442 3041 2:
472 2979 549 3039 οὗτοι
579 2981 635 3059 (sc
666 3000 730 3061 per
758 2980 915 3060 resinam)
946 2981 980 3062 δή
1004 3003 1079 3050 ntur,
1109 2981 1194 3061 οἶμαι,

117 3087 163 3144 καὶ
186 3087 235 3143 τὸν
258 3085 427 3168 Ἀρχιμήδην
455 3087 526 3164 φασὶ
554 3087 600 3146 διὰ
623 3089 679 3146 τῶν
707 3091 811 3167 πορίων
834 3087 976 3168 ἐμπρῆσαι
997 3088 1051 3152 τὰς
1070 3090 1125 3147 τῶν
1148 3111 1194 3146 πυ-

117 3193 219 3271 λεμίων
249 3194 383 3274 τριήρεις
411 3212 490 3256 nam
512 3194 604 3274 quod
629 3203 763 3274 putant,
793 3195 861 3256 iam
890 3193 1078 3256 Diodorum
1107 3195 1195 3258 haec

115 3297 286 3372 habuisse,
314 3297 349 3360 id
371 3299 472 3361 ualde
494 3300 659 3363 incertum
682 3310 743 3362 est.
788 3301 929 3364 Tzetzes
951 3302 1088 3381 quidem
1109 3301 1192 3365 Chil.

115 3404 149 3466 Π
170 3405 247 3468 hist.
272 3426 329 3484 35,
356 3406 415 3468 ubi
436 3407 525 3470 inter
553 3406 621 3469 alia
650 3408 753 3470 etiam
775 3410 819 3470 de
842 3408 988 3488 speculis
1011 3409 1092 3490 agit,
1116 3429 1193 3471 eum

115 3511 203 3574 inter
219 3523 376 3576 auctores
392 3514 543 3576 nominat
554 3516 596 3593 (u.
614 3537 667 3593 131
682 3537 689 3588 ;
706 3517 785 3595 149),
808 3516 871 3577 sed
892 3516 1091 3595 putauerim‚
1115 3535 1193 3578 eum

114 3637 160 3679 ex
190 3618 248 3681 illo
278 3619 361 3681 nihil
391 3620 454 3682 nisi
488 3622 715 3684 narrationem
752 3624 795 3684 de
833 3631 942 3684 morte
975 3621 1192 3686 Archimedis

113 3725 286 3799 hausisse;
327 3727 391 3789 etsi
426 3727 596 3790 Diodorus
634 3729 809 3791 machinas
845 3727 1064 3791 Archimedis
1104 3732 1191 3793 cele·
1248 3766 1250 3770 ·

112 3833 275 3895 brauerat
297 3833 350 3912 (V,
375 3854 433 3914 37:
458 3837 605 3915 θαυμάσαι
627 3835 690 3895 δ’ἄν
712 3859 752 3903 τις
773 3837 892 3900 εἰκότως
912 3840 962 3895 τοῦ
984 3838 1114 3918 τεχνίτου
1142 3837 1191 3917 ιὴν

112 3938 233 3999 ἐπίνοιαν
262 3941 295 4000 οὐ
321 3944 407 4021 μόνον
436 3942 466 4001 ἐν
495 3941 617 4013 τούτοις,
652 3942 723 4002 ἀλλὰ
755 3943 802 4002 καλ
829 3942 859 4002 ἐν
889 3941 982 4009 ἄλλοις
1009 3946 1118 4008 πολλοῖς
1144 3944 1192 4004 καὶ

107 4048 223 4126 μείζοσι
259 4047 497 4130 διαβεβοημένοις
532 4049 607 4108 κατὰ
644 4054 737 4108 πᾶσαν
772 4050 820 4131 την
849 4050 1020 4130 οἰκουμένην,
1051 4052 1115 4130 περὶ
1148 4048 1189 4109 ὧν

110 4154 186 4213 κατὰ
205 4155 305 4234 μέρος,
328 4155 396 4214 ὅταν
418 4154 463 4214 ἐπὶ
491 4156 540 4236 την
563 4155 751 4239 Ἀρχιμήδους
772 4157 877 4238 ηλικίαν
899 4155 1040 4237 ἔλθωμεν,
1062 4158 1193 4237 ἀκριβῶς
