2750 4594
634 283 673 341 95

109 466 248 528 soluere
275 485 392 546 posse,
422 467 456 528 in
483 465 629 546 gratiam
656 464 787 526 Nicolai
817 464 850 525 V
873 465 975 527 Rom.
998 464 1096 527 Pont.
1120 465 1189 526 iarn

108 551 248 631 pridem
270 551 393 612 latinos
416 551 558 614 fecerat:
583 550 716 612 oblatos
738 549 804 612 sibi
831 552 875 611 ab
905 551 1022 612 amieis
1045 551 1190 632 diligen-

107 633 244 698 tissime
278 636 474 716 descripsit,
516 634 657 696 adieetis
690 653 759 694 non
799 655 876 696 raro
909 635 942 695 in
978 635 1190 716 marginibus

110 718 259 783 Graecis
287 720 516 800 (quodetiam
539 717 748 782 Graecorum
775 719 928 781 codicum
957 719 1049 781 facta
1071 719 1190 781 fuisset

110 805 180 866 sibi
203 806 327 886 copia),
358 805 386 865 si
415 824 504 884 quae
533 806 607 864 uisa
634 803 779 864 fuissent
799 805 856 866 uel
878 823 977 865 uersa
1000 805 1189 866 duriuscule
1225 813 1227 820 ’

110 890 171 951 uel
193 909 261 952 non
284 890 467 952 admodum
489 888 718 969 intelligenter
740 889 940 968 descripta«

203 981 303 1058 Hanc
326 996 638 1077 interpretationem
655 995 770 1056 Iacobi
786 995 1022 1058 Cremonensis
1044 995 1193 1057 Ioannes

112 1103 415 1184 Regiomontanus
441 1102 577 1165 Romae
610 1102 743 1166 circiter
765 1122 794 1164 a.
833 1107 907 1178 1461
946 1103 1128 1184 descripsit
1157 1111 1193 1164 et

114 1209 299 1291 correxit*)
312 1210 443 1273 oollatis
454 1210 627 1273 codicibus
649 1210 852 1288 quibusdam
863 1207 1004 1272 Graecis
1016 1209 1057 1289 (u.
1070 1220 1137 1273 not.
1155 1213 1193 1292 1),

115 1327 152 1378 et
174 1336 282 1397 opera
302 1316 522 1380 Archimedis
543 1315 675 1380 Graece
704 1317 828 1378 edendi
856 1317 1031 1379 consilium
1058 1318 1191 1398 cepisse

117 1425 263 1498 uidetur,
286 1416 378 1504 quod
389 1424 580 1504 quominus
602 1433 856 1503 exsequeretur,
878 1434 987 1486 morte
1009 1425 1195 1505 impeditus

117 1541 176 1604 est,
201 1551 305 1610 quam
327 1531 472 1604 Romae,
495 1551 562 1610 quo
584 1550 630 1592 ex
658 1529 845 1593 Germania
869 1532 991 1593 iterum
1020 1531 1193 1612 profectus

115 1647 199 1711 erat,
232 1639 390 1700 occubuit
422 1657 452 1700 a.
490 1643 579 1716 1476.
628 1638 724 1699 Idem
758 1657 800 1700 ea
831 1637 1048 1700 Archimedis
1078 1658 1193 1719 opera,

115 1745 150 1806 in
173 1765 262 1824 quae
284 1743 444 1806 Eutocius
467 1745 744 1807 commentarium
766 1764 835 1806 non
857 1746 1111 1826 composuisset,
1134 1765 1194 1806 ex·

114 1852 244 1932 plicare
266 1852 413 1914 uoluisse
435 1851 549 1913 fertur.
582 1854 610 1927 κ)

208 1979 236 2019 2.
279 1957 368 2020 Edit.
391 1957 493 2020 Basil.
516 1958 622 2038 praef.
645 1957 701 2020 iol.
733 1979 750 2036 3
779 1969 875 2027 rect.,:
906 1958 1048 2020 »Altera
1069 1959 1193 2022 deinde

117 2053 281 2124 suscepta
302 2043 337 2104 in
358 2043 492 2105 Italiam
514 2042 679 2124 profectio
701 2053 739 2104 ut
761 2063 828 2106 non
844 2042 906 2104 fuit
928 2043 1020 2118 felix,
1043 2044 1091 2105 ita
1111 2043 1194 2105 nihil

114 2128 285 2189 bonorum
308 2138 461 2189 autorum
484 2129 529 2190 ad
551 2149 613 2190 nos
639 2137 812 2208 reportare
841 2128 957 2209 potuit.
1010 2128 1194 2190 Hominem

120 2213 213 2274 enim
248 2232 378 2274 exuens
413 2216 492 2287 (non
527 2213 599 2274 sine
637 2211 706 2274 dati
760 2211 883 2274 ueneni
916 2213 1116 2293 suspicione)
1150 2215 1195 2274 ad

116 2316 181 2358 nos
193 2297 286 2358 ciues
297 2317 385 2370 suos,
405 2297 486 2376 quid
497 2296 638 2358 referret
661 2297 878 2359 exanimisl«.
913 2296 1192 2359 Commandinus:

116 2380 336 2443 Archimedis
358 2402 436 2462 opp.
459 2401 560 2444 nonn.
583 2384 639 2444 lat.
663 2402 758 2444 conu.
808 2381 931 2445 Uenet.
960 2387 1054 2460 1558;
1084 2381 1191 2462 praef.

116 2465 175 2528 fol.
201 2486 218 2526 2
242 2485 358 2527 uerso:
392 2485 554 2546 »quorum
578 2469 731 2547 (operum
754 2465 983 2545 Archimedis)
1013 2487 1088 2528 cum
1111 2487 1194 2528 non·

117 2551 212 2612 nulla
240 2550 308 2612 iarn
338 2552 382 2611 ab
416 2549 558 2612 Eutocio
584 2550 786 2612 Ascalonita
815 2551 1008 2613 doctissime
1038 2551 1193 2631 planissi-

116 2654 242 2714 meque
265 2635 437 2715 explicata
458 2644 581 2707 essent,
609 2635 837 2715 superioribus
864 2635 1074 2716 temporibus
1096 2637 1194 2697 loan-

116 2739 180 2781 nes
202 2717 499 2800 Regiomontanus
520 2720 651 2800 reliqua
678 2721 934 2800 interpretanda
956 2721 1113 2800 suscepit.
1136 2740 1195 2781 ue·

117 2823 208 2877 rum,
243 2803 357 2866 nescio
385 2824 452 2884 quo
482 2804 566 2878 fat0,
597 2804 847 2866 lucubrationes
870 2805 946 2866 illae
980 2825 1001 2865 a
1034 2805 1194 2868 studiosis

117 2889 231 2950 adhuc
254 2889 517 2951 desiderantur«
563 2889 639 2950 Hoc
667 2888 964 2969 Regiomontanus
994 2889 1067 2969 ipse
1094 2888 1195 2969 profi·

116 2982 209 3035 tetur
232 2974 324 3053 apud
346 2971 531 3036 Gassendi:
556 2971 620 3054 Op.
644 2971 678 3033 V
700 2994 731 3056 p.
758 2994 827 3051 531.

200 3077 443 3141 Archimedem
455 3080 583 3160 primus
599 3080 706 3142 edidit
716 3080 876 3142 Nicolaus
888 3079 1048 3142 Tartalea
1059 3079 1102 3158 (U
1105 3091 1194 3144 enet.

125 3208 217 3265 1543.
242 3187 284 3267 4)
307 3197 342 3247 et
369 3187 404 3247 id
427 3186 562 3266 quidem
590 3187 727 3261 Latine;
761 3187 789 3248 is
823 3188 911 3248 enim
945 3207 990 3248 ex
1024 3187 1197 3249 codicibus

121 3291 266 3357 Graecis
288 3293 507 3354 mutilissimis
531 3303 564 3355 et
587 3294 644 3374 qui
666 3294 727 3355 uix
753 3293 823 3375 legi
849 3303 1005 3374 possent,
1034 3294 1198 3376 interpre-

120 3399 287 3479 tationem
309 3399 467 3462 Latinam
488 3399 649 3462 librorum
664 3399 698 3461 Π
715 3402 759 3462 de
781 3402 959 3482 planorum
982 3401 1197 3480 aequilibriis,
1303 3385 1305 3392 ¹

15 3559 16 3564 ,
120 3507 311 3570 libellorum
343 3509 386 3570 de
415 3508 622 3588 quadratura
651 3507 835 3588 parabolae
870 3517 905 3569 et
932 3510 975 3570 de
1007 3507 1120 3569 circuli
1150 3507 1198 3569 di·

118 3615 308 3688 mensione,
331 3613 407 3676 libri
429 3615 446 3675 I
468 3615 511 3676 de
534 3634 645 3693 aquae
662 3614 886 3676 insidentibus
909 3613 978 3693 (cfr.
991 3635 1023 3695 p.
1047 3619 1096 3692 13)
1121 3635 1199 3677 con·

119 3783 280 3792 .—.....—---

143 3851 172 3920 ¹⁸¹)
190 3851 265 3906 Eam
276 3851 464 3908 emendatam
479 3850 568 3905 edere
584 3850 693 3918 uoluit3
712 3867 782 3904 nam
799 3849 879 3906 inter
898 3867 997 3928 opqra,
1016 3866 1091 3918 quae
1110 3849 1200 3904 edere

191 3947 326 4012 pararet,
345 3942 411 4011 ipse
430 3939 602 4009 (Gasssnd12
622 3939 677 4010 Op.
699 3939 766 4010 Vp.
786 3939 848 4008 530)
874 3939 951 3994 hano
977 3939 1201 4009 interpretatio·

191 4049 260 4085 nem
279 4031 428 4085 nominat:
449 4028 614 4100 „traductio
633 4035 679 4084 est
697 4027 799 4084 Iacobi
818 4027 1036 4096 Cremonensis,
1056 4027 1109 4082 ssd
1126 4046 1199 4083 non-

189 4139 336 4191 nusquam
357 4119 540 4175 emendata.“
