2750 4594
623 278 662 353 ⁶7

182 553 225 575 Ξ
268 479 489 599 720636οΜ,
512 547 549 609 yr
582 555 622 574 ε
646 478 797 569 &Q
810 545 851 597 m,
870 544 953 590 21=
977 495 1122 569 5439243
1141 545 1183 600 Μ,
1275 563 1282 584 ,

281 561 380 655 ’4657
677 581 759 655 4657
1009 582 1090 657 4657

103 544 147 589 xl

247 788 328 864 4657
424 782 431 795 ’

197 889 268 954 Sed
290 892 411 953 eadem
433 891 477 952 de
500 909 612 962 causa,
643 909 712 969 qua
729 909 846 971 usupra,
869 892 1066 971 ponendum
1088 912 1120 954 m
1142 921 1184 944 =

107 1002 193 1076 4657
224 1017 264 1070 n;
295 998 410 1077 itaque
440 1017 477 1062 xr
506 1023 544 1049 =
570 1000 717 1076 7206360
739 1016 777 1074 n;
794 1018 830 1080 yr
859 1024 897 1050 =
922 1002 1070 1076 4893246
1092 1020 1130 1072 n;
1154 1019 1180 1065 24

107 1134 151 1154 =
177 1125 321 1182 5439213
345 1125 383 1178 n;
417 1124 447 1170 vr
477 1131 514 1157 =
539 1109 688 1183 3545820
715 1124 754 1177 ιι;
785 1113 819 1165 et
840 1123 867 1164 x
893 1130 930 1158 =
958 1110 1121 1183 40366482
1146 1127 1184 1180 n;

99 1231 127 1292 y
153 1240 191 1262 κ
217 1216 364 1290 7460544
386 1232 424 1285 n;
453 1231 468 1273 2
491 1240 531 1264 =
555 1216 701 1290 4149387
725 1231 763 1284 72;
786 1230 807 1272 v
834 1240 875 1262 =
899 1215 1047 1292 7358060
1068 1233 1100 1274 n.
1145 1213 1186 1274 In

107 1317 244 1380 scholio·
266 1339 288 1379 a
316 1318 494 1399 Lessingio
521 1319 620 1382 simul
639 1339 724 1382 rcum
752 1318 1000 1399 epigrammate
1028 1319 1120 1381 edito
1149 1317 1185 1380 hi

108 1423 303 1487 indicantur
325 1425 463 1498 numeri,
488 1445 572 1504 quos
594 1425 812 1498 14444οῃ10444445,
836 1425 865 1486 51
886 1424 1184 1505 posuerimusn=

109 1536 164 1605 80;
189 1552 216 1592 x
240 1561 279 1582 =
304 1535 507 1610 829318560,
523 1551 550 1614 y
574 1558 611 1586 =
646 1537 849 1610 596841120‚
878 1552 956 1593 z==
984 1537 1185 1611 331950960,

110 1657 129 1698 v
161 1665 197 1691 =
231 1642 438 1715 588644800;
468 1658 505 1702 x1
543 1665 580 1692 =
613 1643 816 1718 576508800,
842 1659 880 1720 74
914 1667 955 1690 =
984 1644 1186 1718 391459680,

108 1765 132 1810 21
154 1772 191 1798 =
214 1767 253 1822 43
258 1766 293 1822 54
300 1767 413 1825 37040,
437 1765 468 1810 vi
486 1771 524 1798 =
540 1749 746 1822 28426560ος
766 1745 880 1825 itaque
898 1746 1005 1806 uerba
1017 1747 1186 1828 epigram-

107 1852 211 1914 matis
232 1854 353 1914 eodem
369 1853 470 1914 modo
491 1852 690 1914 scholiastes
711 1850 852 1931 accepit,
872 1871 939 1930 quo
950 1872 1021 1940 nos
1056 1851 1187 1915 Tamen

109 1959 153 2020 de
183 1978 287 2020 uersu
309 1980 362 2035 24:
950 1953 953 1958 ’

318 2067 435 2124 notariae
456 2064 605 2144 ἰσάριθμον
628 2065 735 2144 πλῆθος
755 2060 824 2146 ἔχον
847 2074 975 2148 τετραχῇ

108 2171 258 2233 dubitari
286 2180 415 2251 potest;
446 2169 589 2232 offendit
611 2171 816 2232 uocabulum
838 2181 983 2255 remam
1012 2193 1092 2235 nam
1120 2194 1188 2255 quo

109 2279 224 2340 minus
257 2297 333 2339 cum
366 2277 565 2340 Hermanno
599 2277 641 2358 (p.
676 2277 804 2359 8-9)*)
837 2277 884 2340 ita
917 2279 1117 2360 accipiatur,
1151 2290 1188 2343 ut

108 2385 292 2466 proueniat
314 2384 478 2465 aequatio*
502 2403 533 2448 vr
562 2411 599 2438 =
627 2385 663 2466 33
688 2384 714 2462 (z
738 2387 776 2462 -(-
800 2386 841 2466 24)
872 2386 946 2462 (hoc
976 2395 1030 2447 est
1058 2407 1120 2467 pro
1143 2409 1185 2447 τε-

109 2492 210 2569 τράκις
229 2491 322 2572 fere),
352 2490 493 2571 impedit
516 2495 550 2551 et
572 2490 669 2552 uerbi
691 2489 743 2551 uis
771 2501 806 2551 et
836 2492 1033 2571 symmetria
1062 2512 1187 2572 aequa·

108 2599 238 2660 tionum
250 2599 356 2660 cuiuis
368 2598 476 2679 primo
496 2598 660 2682 adspectu
683 2615 760 2657 sese
773 2594 931 2659 offerens.
966 2596 1051 2660 Cum
1068 2619 1186 2660 sensus

107 2706 253 2767 idoneus
266 2704 342 2767 elici
353 2724 454 2784 posse
466 2723 535 2765 non
556 2703 721 2775 uideatur,
745 2702 907 2782 suspicor,
930 2703 1019 2771 hunc
1050 2725 1186 2768 uersum

105 2813 155 2874 sic
167 2811 384 2874 scribendum
396 2830 490 2872 esse:
511 2812 622 2890 ποικάη
634 2809 784 2889 ἰσάριθμον
804 2810 912 2889 πλῆθος
927 2806 971 2893 ἔχ
982 2809 1057 2870 οοσ’
1071 2811 1187 2893 ἐφάνη

192 2917 330 2979 Deinde
352 2918 417 2979 hae
441 2915 662 2996 aequationes
686 2916 873 2978 accedunt:

108 3044 194 3086 uers
227 3029 369 3101 33-36;
393 3044 420 3086 x
444 3028 525 3105 (ρ
548 3051 589 3075 =
611 3042 772 3084 numerus
796 3023 990 3102 quadratus,
1016 3021 1121 3105 (ΥἯ)
1152 3034 1197 3086 et

136 3167 173 3176 —
221 3150 363 3210 37—40:
386 3150 407 3192 v
431 3134 468 3206 i-
492 3151 507 3192 z
531 3157 568 3182 =
592 3148 751 3190 numerus
773 3129 959 3210 trigonalis.
1037 3129 1120 3211 (IX).

198 3236 360 3300 Condicio
393 3256 483 3298 nona
516 3235 598 3298 satis
639 3235 737 3298 claris
778 3236 892 3297 uerbis
927 3237 1101 3316 proposita
1134 3246 1187 3299 est

113 3345 187 3424 (4400
218 3353 284 3416 est,
319 3363 377 3405 cur
409 3362 485 3405 cum
518 3341 718 3404 Hermanno
751 3339 929 3401 οὔτε-οὕτε
963 3341 994 3403 in
1030 3342 1187 3404 εἴτε-εἴτε

113 3450 210 3532 (44045.
235 3453 373 3529 30-40)
397 3458 581 3521 mutemus3
605 3469 724 3512 sensus
746 3459 814 3510 est:
845 3448 893 3509 ita
914 3457 952 3509 ut
973 3449 1077 3510 ceteri
1099 3451 1186 3511 tauri

112 3577 227 3637 neque
261 3558 422 3619 adessent
454 3575 565 3634 neque
598 3557 642 3616 ad
675 3574 851 3634 numerum
880 3555 1082 3638 trigonalem
1116 3555 1187 3618 effi-

114 3665 273 3727 ciendum
309 3662 601 3741 desiderarentur),
636 3663 697 3723 sed
735 3661 770 3723 in
804 3670 926 3722 octaua
959 3661 1002 3722 de
1034 3662 1068 3723 ui
1089 3663 1187 3725 uerbi

137 3883 164 3952 ¹²)
183 3884 219 3937 In
237 3884 464 3938 ratiocinatione
482 3885 648 3938 Hermanni
666 3890 705 3954 (p.
713 3883 741 3950 9)
760 3882 790 3936 id
809 3899 925 3951 quoquo
944 3883 1185 3956 uituperendum

128 4041 132 4050 1
184 3973 262 4041 quod
297 3985 455 4027 neccarum
491 3974 608 4028 numeri
635 3972 765 4027 maiores
798 3977 868 4025 eunt
903 3988 989 4039 quam
1022 3976 1185 4040 taurorum,

184 4078 361 4130 quamquam
379 4062 458 4114 tauri
476 4080 553 4115 uers.
573 4067 589 4115 8
607 4062 758 4115 dicuntur:
778 4061 808 4122 ἐν
827 4061 942 4144 ἑκάστῳ
962 4064 1054 4143 στίφει
1070 4064 1194 4144 πλήθεσι

189 4147 364 4229 βριθόμενοι.

947 4245 984 4299 544
