2750 4594
675 307 715 364 74

159 485 253 546 idem
276 485 475 565 saepissime
497 487 604 548 uerba
631 485 849 549 Archimedis
878 487 1028 567 corrupit
1057 486 1181 549 additis
1203 495 1241 547 et

162 591 346 665 inculcatis
370 612 458 672 quae
481 593 546 666 ille,
578 594 685 655 doctis
715 594 794 655 solis
823 593 990 667 scribens,
1021 595 1174 655 consulto
1196 613 1239 655 ac

134 701 137 708 '
162 699 283 761 merito
315 699 599 779 praetermiserat.
654 699 759 761 Uelut
787 719 887 762 nemo
914 699 1096 762 crediderit
1117 700 1240 788 Archi-

159 807 297 869 medem
319 806 432 885 ipsum
454 805 501 867 sic
524 805 700 886 scripsisse
722 805 747 880 Ι,
776 828 812 884 14
840 827 874 887 p.
898 811 953 880 88,
986 828 1027 870 20
1049 827 1117 887 sq.:
1140 807 1157 886 ἡ
1180 806 1238 884 γὰρ
1341 825 1345 828 ·

161 913 187 971 H
207 917 263 972 τῶν
289 913 340 982 ΤΔ,
372 912 421 970 ΡΖ
437 913 513 993 μέση
541 913 602 972 ἐστὶ
622 915 683 973 4ἀνὰ
716 914 798 992 λόγον
821 913 867 972 διὰ
890 914 922 972 τὺ
944 915 1069 973 καὶτῶν
1093 913 1152 982 ΓΔ,
1181 913 1238 972 ΕΖ.

162 1023 224 1084 πῶς
244 1018 278 1078 δὲ
309 1021 409 1092 τοῦτο;
438 1019 499 1078 ἐπεὶ
525 1020 582 1100 γὰρ
614 1030 661 1100 ἴση
689 1018 749 1078 ἐστὶ
778 1022 836 1078 κτλ.
865 1019 915 1078 ἐὰν
943 1020 1000 1100 γὰρ
1028 1025 1104 1100 τρεῖς
1129 1019 1241 1078 εὐθεῖαι

159 1125 216 1183 ἀνὰ
238 1126 321 1203 λόγον
352 1122 437 1196 ὦσιν,
471 1124 546 1186 ἔστιν
575 1126 685 1205 (scrib.
719 1123 811 1205 ἔσται)
840 1125 883 1190 ὡς
906 1127 923 1206 ἢ
951 1126 1050 1206 πρώτη
1086 1126 1158 1206 apd<
1188 1125 1239 1205 τὴν

161 1233 264 1312 τρίτην,
286 1231 382 1296 οὕτως
401 1233 433 1292 τὸ
456 1233 511 1291 ἀπὸ
534 1237 585 1313 τῆς
604 1232 721 1313 πρώτης
747 1232 823 1297 εἶδος
847 1233 919 1312 πρὸς
939 1232 971 1290 τὺ
994 1233 1050 1292 ἀπὸ
1072 1235 1124 1312 τῆς
1144 1230 1239 1289 δευτέ-

159 1361 217 1418 ρας
237 1337 314 1403 εἶδος
334 1340 366 1397 τὸ
389 1339 484 1419 ὅμοιον
505 1340 552 1398 καὶ
574 1341 680 1419 ὁμοίως
700 1338 959 1419 ἀναγεγραμμένον.
1004 1337 1102 1412 Haec
1119 1337 1240 1427 *omnia

160 1445 235 1507 sine
259 1445 361 1507 dubio
384 1446 429 1506 ad
450 1446 558 1507 uerba
571 1444 789 1508 Archimedis
812 1445 1017 1525 explicanda
1038 1445 1240 1525 interposita

160 1562 254 1625 sunt;
283 1571 363 1612 nam
379 1551 522 1632 primum
538 1552 781 1614 demonstratio
803 1553 879 1633 ipsa
899 1552 1011 1632 longis
1035 1551 1243 1632 ambagibus

160 1657 338 1724 conficitur
360 1657 429 1735 (cfr.
453 1657 572 1720 Nizze:
596 1658 741 1720 Uebers
770 1679 802 1739 p.
829 1659 929 1739 57,β),
960 1659 1084 1722 deinde
1117 1656 1242 1720 Archi·

160 1766 281 1826 medes
303 1765 536 1845 propositione
559 1785 605 1826 ex
626 1764 767 1828 Euclide
797 1767 913 1827 adlata
941 1765 1140 1845 saepissime
1168 1773 1245 1825 tan·

162 1891 266 1951 quam
289 1871 447 1933 omnibus
469 1856 645 1932 notissima
667 1871 771 1933 tacite
792 1872 917 1945 nititur,
940 1891 1004 1933 nec
1024 1870 1244 1951 intellegitur,

161 1998 223 2040 cur
251 1979 317 2040 hoc
345 1998 414 2040 uno
442 1979 517 2040 loco
546 1978 654 2039 uerba
683 1977 758 2058 ipsa
786 1978 935 2040 Euclidis
965 1977 1036 2056 (VI,
1067 1998 1107 2039 ιο
1129 1978 1245 2057 τόρισμ.
1302 2043 1307 2046 ,

165 2085 194 2164 2)
206 2084 383 2147 addiderit.
428 2084 539 2146 Etiam
561 2085 669 2146 uerba
691 2084 716 2158 Ι,
733 2090 769 2146 16
781 2104 814 2165 p.
828 2106 884 2162 94:
908 2081 935 2144 εἰ
953 2085 1010 2165 γὰρ
1033 2085 1063 2143 αί
1083 2083 1243 2168 διάμετροι,

105 2179 113 2192 ’
163 2191 267 2249 καὶτὰ
290 2192 386 2271 ἡμίση,
410 2191 551 2249 τουτέστιν
579 2192 609 2248 αἱ
629 2189 663 2250 ἐκ
681 2194 737 2250 τῶν
765 2190 889 2271 κέντρων
919 2201 954 2252 et
982 2191 999 2252 I
1029 2195 1070 2252 26
1097 2209 1130 2270 p.
1165 2209 1243 2266 105:

163 2294 283 2355 καὶδύο
306 2295 365 2375 ἄρα
394 2299 445 2355 τοῦ
459 2296 565 2359 ,ΑΒΓΔ
593 2294 695 2355 κύκλου
723 2297 869 2378 διάμετροι
895 2299 1010 2378 μείζους
1035 2299 1088 2356 εἰσὶ
1111 2300 1162 2375 τῆς
1182 2296 1243 2354 δια-

160 2403 269 2484 μέτρου
290 2406 340 2462 τοῦ
363 2404 390 2461 Ρ
408 2401 509 2461 κύκλου
531 2411 833 2466 commentatorem
862 2405 1015 2484 ineptum
1043 2412 1078 2464 et
1106 2401 1243 2481 imperi-

163 2518 235 2571 tum
263 2510 407 2590 sapiunt.
436 2547 477 2554 —
506 2509 536 2584 Ι,
568 2530 584 2589 7
616 2511 860 2572 demonstratio
889 2510 995 2592 ipsius
1023 2507 1243 2571 Archimedis

163 2617 252 2678 hanc
285 2615 357 2679 fere
384 2617 505 2679 habuit
537 2615 696 2679 formam:
731 2617 763 2676 τὸ
797 2615 846 2676 οὖν
879 2616 1139 2698 περιγεγραμμένον
1171 2615 1246 2694 πρὸς

164 2723 197 2781 τὸ
213 2723 450 2804 ἐγγεγραμμένον
473 2723 615 2783 ἐλάσσονα
637 2725 720 2803 λόγον
743 2719 806 2805 ἔχει
833 2720 905 2802 hri)
933 2723 1147 2803 συναμφότερον
1170 2722 1243 2781 ὅτε

162 2827 266 2894 κύκλος
284 2831 332 2888 καί
353 2830 387 2887 τὺ
411 2829 435 2888 Β
453 2831 563 2911 χωρίον
591 2831 663 2911 πρὸς
691 2830 776 2890 αὐτὸν
807 2830 855 2889 τὸν
884 2828 999 2890 κύκλον·
1031 2829 1077 2888 διὰ
1100 2828 1135 2908 δὴ
1154 2829 1240 2886 τοῦτο

162 2933 285 2995 ἔλασσόν
307 2935 369 2994 ἐστι
391 2936 424 2994 τὺ
446 2938 692 3017 περιγραφόμενον
714 2939 764 2996 τοῦ
787 2935 1018 3016 συναμφοτέρου·
1042 2933 1181 2994 ὥστεκαὶ
1204 2934 1241 2992 τὰ

99 3127 101 3130 ¹
164 3043 365 3123 περιλειμματα
387 3039 530 3100 ἐλάσσονα
553 3039 634 3102 ἔστω
656 3045 706 3103 τοῦ
729 3043 754 3102 Β
773 3043 893 3124 χωρίου.
926 3041 1003 3104 Hoc
1026 3042 1170 3122 adparet
1192 3059 1240 3102 ex

162 3146 382 3209 adnotatione
415 3146 547 3210 Eutocii
576 3171 609 3232 p.
634 3156 687 3230 76,
721 3168 811 3230 quae
845 3148 995 3228 alioquin
1029 3149 1238 3220 abundaret;

162 3255 226 3315 sed
254 3254 289 3314 in
319 3253 491 3316 codicibus
520 3253 765 3316 demonstratio
792 3253 965 3316 inutilibus
997 3254 1240 3316 additamentis

161 3359 306 3422 dilatata
329 3370 389 3422 est.

249 3466 274 3539 I,
298 3488 339 3545 34
361 3486 394 3547 p.
412 3487 487 3528 112:
511 3468 567 3526 τῶν
589 3465 648 3545 ἄρα
670 3466 702 3537 Ξ,
723 3467 744 3526 ί)
765 3466 865 3526 κώνων
887 3468 919 3525 αἱ
938 3467 1085 3548 διάμετροι
1107 3469 1163 3526 τῶν
1184 3467 1240 3544 βά-

162 3593 239 3631 σεων
263 3581 322 3638 τοῖς
342 3572 428 3655 ὕφεσι
456 3574 504 3633 τὸν
531 3571 618 3631 αὐτὸν
649 3570 748 3655 έχουσι
776 3573 873 3652 λόγον·
904 3573 995 3652 ὅμοιοι
1022 3571 1081 3653 ἄρα
1108 3574 1170 3643 εἶσί,
1193 3574 1241 3632 καὶ

164 3677 199 3736 δι’
230 3677 301 3740 αὐτὸ
323 3681 503 3760 τριπλασίονα
520 3679 607 3758 λόγον
629 3682 686 3739 κτλ.
710 3679 831 3740 uerba:
862 3677 953 3760 ὅμοιοι
983 3677 1041 3759 ἄρα
1063 3680 1119 3737 εἰσί
1137 3679 1241 3740 inter-

163 3784 252 3865 preti
275 3786 458 3857 debentur;
480 3784 707 3847 Archimedes
729 3785 819 3847 enim
842 3784 914 3847 sine
936 3785 1040 3846 dubio
1062 3805 1143 3847 usus
1166 3794 1240 3847 erat

163 3884 276 3954 lemm.
301 3914 318 3968 5
347 3911 380 3972 p.
411 3896 461 3969 96.
512 3891 643 3953 Eodem
669 3893 772 3954 modo
801 3891 1000 3971 interposita
1029 3901 1106 3953 sunt
1135 3891 1167 3965 I,
1197 3912 1237 3971 47

190 4047 196 4059 .
226 4017 259 4059 12
286 4046 292 4059 .

163 4017 188 4078 p
248 4020 322 4176 Ιῗιι
350 4106 493 4183 ρ.8ι,εε;
518 4103 642 4184 φανερὸν
668 4104 736 4184 γάρ,
760 4104 803 4163 ὅτι
824 4104 842 4184 ἦ
943 4102 1138 4184 ἐφαπτομένην
1161 4105 1238 4164 sub·
