2750 4594
658 285 677 342 6

134 504 172 548 se
195 485 333 546 amabat
361 484 396 545 in
424 503 533 564 eoque
560 493 650 548 totus
673 494 747 547 erat
768 504 836 547 non
859 505 988 560 curans,
1017 485 1099 566 quid
1119 485 1208 546 utili-

134 592 213 654 tatis
236 602 294 654 aut
315 611 402 673 quae
425 601 568 654 externa
589 595 767 655 commoda
788 594 822 655 in
837 593 1029 674 praesentia
1048 592 1207 656 adferret.

136 704 166 783 6)
199 701 318 782 Itaque
341 701 539 763 mechanica
561 701 700 763 inuenta
721 721 790 778 sua,
813 722 901 782 quae
924 721 1089 764 summam
1111 701 1208 784 uulgi

135 809 261 872 indocti
284 809 540 871 admirationem
563 811 776 885 excitabant,
805 829 888 891 prae
910 809 1126 891 geometricis
1147 829 1209 890 pe·

136 917 225 980 nitus
247 918 484 980 contemnebat
513 920 559 998 7);
587 939 651 980 nec
680 917 799 980 fefellit
828 938 905 980 eum
933 918 1073 980 animus.
1117 917 1209 979 Nam

135 1026 279 1088 bellicae
309 1025 380 1088 eius
410 1026 586 1088 machinae
609 1025 797 1107 posteritati
818 1026 902 1087 nihil
930 1025 1083 1087 utilitatis
1111 1026 1209 1088 adtu-

136 1134 260 1207 lerunt,
294 1152 382 1213 quae
403 1155 485 1198 uero
519 1135 679 1198 scientiae
707 1155 800 1199 mero
829 1135 940 1199 studio
968 1143 1003 1197 et
1029 1152 1143 1196 amore
1173 1133 1210 1194 in

136 1242 377 1304 mathematica
394 1262 488 1324 pura,
507 1262 610 1324 quam
628 1233 760 1318 uocant
782 1243 918 1316 inuenit,
937 1263 980 1305 ea
1002 1241 1209 1324 posteriores

137 1369 269 1412 summa
296 1349 518 1420 admiratione
551 1353 783 1433 adripuerrmt,
813 1360 847 1413 et
875 1372 921 1412 ex
948 1351 988 1412 iis
1017 1370 1086 1413 non
1106 1350 1209 1412 modo

138 1456 279 1520 scientia
301 1459 385 1539 ipsa,
408 1461 469 1522 sed
487 1461 590 1540 etiam
608 1461 699 1523 uitae
720 1481 800 1523 usus
816 1469 937 1541 postea
953 1457 1104 1533 maxima
1121 1458 1209 1519 salu-

138 1566 351 1647 bern'maque
386 1569 476 1649 cepit
508 1568 724 1633 incrementa.
787 1567 921 1650 Quanto
954 1586 1058 1649 opere
1087 1563 1209 1628 Archi-

138 1677 256 1738 medes
271 1676 487 1758 geometricis
502 1677 647 1740 inuentis
669 1679 737 1741 suis
759 1677 802 1740 sit
824 1677 1021 1752 delectatus,
1043 1677 1123 1738 inde
1133 1695 1210 1756 per·

140 1782 224 1863 spici
252 1793 378 1864 potest,
413 1786 505 1864 quod
537 1786 572 1847 in
604 1787 759 1868 sepulcro
791 1785 934 1868 figuram
971 1785 1137 1866 sphaerae
1165 1785 1210 1845 ad

139 1891 327 1972 cylindrum
349 1893 635 1976 circumscriptum
664 1895 829 1957 rationem
862 1895 953 1956 illam
986 1893 1208 1954 illustrantem

139 2017 215 2060 esse
248 2000 367 2074 uoluit,
398 2001 495 2082 quasi
524 2003 589 2064 hoc
617 2003 794 2065 theorema
822 2002 876 2081 (de
903 2001 1049 2082 sphaera
1081 1999 1111 2063 tr
1144 2000 1208 2082 cyl.

139 2103 164 2181 I,
189 2109 240 2190 37)
270 2108 531 2189 pulcherrimum
557 2110 685 2192 ingenii
714 2119 968 2174 monumentum
990 2117 1089 2172 esset.
1133 2107 1209 2172 Hoc

140 2213 211 2276 eius
234 2216 441 2298 sepulcrum,
465 2237 486 2279 a
511 2219 640 2281 ciuibus
673 2218 777 2301 ipsius
804 2219 997 2300 neglectum
1030 2225 1065 2278 et
1097 2224 1210 2277 aetate

139 2341 249 2404 paene
272 2335 522 2406 consumptum,
546 2326 663 2389 Cicero
691 2337 852 2408 quaestor
874 2325 1051 2408 Syracusis
1080 2323 1211 2386 detexit

140 2450 180 2493 ac
201 2431 355 2495 restituit.
401 2437 431 2516 8)
465 2433 549 2498 Cum
572 2434 763 2518 Syracusae
792 2435 881 2496 bello
903 2433 1031 2495 Punico
1065 2431 1213 2495 secundo

141 2558 162 2600 a
183 2538 229 2602 M.
253 2539 392 2603 Claudio
421 2541 583 2606 Marcello
613 2543 865 2616 obsiderentur,
888 2541 1114 2605 Archimedes
1142 2539 1213 2602 Ro-

141 2667 259 2710 manos
281 2650 379 2712 clade
396 2651 548 2714 maxima
563 2650 696 2726 adfecit,
718 2651 881 2713 machinis
892 2649 1022 2712 bellicis
1034 2647 1214 2710 artificiose

141 2758 350 2831 constructis
373 2760 589 2841 maximeque
611 2760 683 2823 eius
706 2770 779 2823 arte
800 2761 881 2821 urbs
904 2759 961 2820 diu
979 2757 1141 2820 Marcello
1163 2775 1214 2818 re·
1302 2828 1306 2834 ,

140 2864 233 2928 stitit.
268 2864 351 2929 Cum
368 2868 507 2929 tandem
522 2869 557 2931 ui
576 2879 677 2950 capta
695 2877 794 2943 esset,
808 2866 1043 2940 Archimedes
1066 2863 1215 2926 omnium

141 2991 253 3033 rerum
275 2993 359 3054 prae
382 2975 499 3038 studiis
517 2977 648 3051 oblitus
672 2997 693 3038 a
714 2977 818 3038 milite
829 2976 998 3048 Romane,
1021 2973 1096 3055 quis
1114 2979 1213 3044 esset,

141 3078 263 3161 ignaro
280 3082 477 3146 interfectus
495 3092 555 3147 est.
589 3085 779 3157 Marcellus,
798 3084 855 3165 qui
874 3103 952 3144 eum
970 3101 1107 3144 seruare
1123 3079 1215 3141 uolu-

140 3199 225 3264 erat,
249 3199 391 3254 mortem
414 3192 486 3254 eius
508 3192 697 3274 aegerrime
719 3192 835 3254 tulisse
858 3191 977 3252 dicitur
1005 3189 1045 3269 (a.
1069 3191 1152 3269 212).
1175 3189 1215 3268 o).

232 3350 267 3429 1).
313 3345 452 3409 Chiliad.
481 3344 528 3418 Π,
563 3365 602 3422 35
632 3365 663 3407 ν.
699 3366 773 3423 105:
804 3344 927 3428 χρόνους
954 3364 986 3402 τε
1015 3339 1218 3422 ἐβδομήκοντα

141 3437 190 3496 καὶ
216 3435 298 3496 πέντε
326 3429 518 3512 παρελαύνων.
572 3430 650 3494 Hoc
678 3450 741 3512 per
770 3451 807 3493 se
835 3427 1092 3491 incertissimum
1124 3425 1218 3488 testi·

141 3521 291 3584 monium
321 3514 497 3580 confirmat
525 3515 767 3580 Eratosthenes
797 3515 888 3598 apud
910 3513 1067 3577 Proclum
1096 3513 1131 3574 in
1152 3511 1218 3574 Eu·

141 3607 218 3670 elid.
242 3624 362 3668 comm.
385 3623 417 3686 p.
441 3606 497 3664 68:
526 3599 604 3661 οὗτοι
633 3602 870 3684 (Archimedes
900 3609 934 3661 et
962 3597 1218 3678 Eratosthenes)

142 3693 199 3773 yolo
222 3689 375 3773 σύγχρονοι
396 3683 530 3768 ἀλλήλοις,
553 3686 596 3753 ὥς
615 3687 667 3747 πού
683 3709 765 3770 φησιν
780 3685 988 3767 Ἐρατοσθένης.
1022 3683 1078 3744 Ex
1096 3682 1218 3744 Proclo

143 3778 265 3840 eadem
294 3775 419 3856 repetit
448 3793 637 3856 anonymus
666 3774 701 3835 in
728 3771 897 3834 Hultschii
919 3769 1059 3832 Herone
1088 3787 1120 3848 p.
1146 3787 1217 3844 253.

144 3860 316 3944 Πρεσβύτης
334 3870 475 3924 uocatur
497 3880 518 3921 a
539 3859 684 3941 Polybio
707 3858 811 3937 (VIII,
835 3879 864 3936 ι),
888 3857 927 3937 8),
950 3855 1032 3918 aliis.
1067 3852 1218 3916 Ridiculi

142 3967 249 4011 causa
281 3963 507 4010 commemoro
544 3946 769 4024 horoscopum
809 3942 880 4004 sive
921 3940 1114 4022 genituram
1147 3937 1219 4000 eius

144 4043 282 4097 exstare
318 4033 409 4114 apud
436 4031 461 4092 Ι.
488 4029 670 4092 Firmicum
699 4028 891 4091 Maternum
919 4045 951 4106 p.
987 4045 1043 4105 173
1074 4043 1124 4104 sq.
1155 4022 1219 4102 (ed.

140 4119 246 4182 'Basil
274 4140 350 4197 155¹
376 4115 461 4196 fol.):
483 4116 570 4177 haec
592 4114 749 4196 genitura
770 4112 921 4175 diuinum
944 4109 1026 4172 facit
1048 4109 1129 4171 artis
1151 4127 1220 4169 me·

144 4205 308 4270 chanicae
330 4211 549 4284 repertorem.
