2750 4594
664 321 703 376 29

233 521 259 561 1.
305 499 347 561 U.
379 499 450 562 eius
473 519 594 564 comm.
618 521 650 582 p.
679 524 753 579 1303
779 524 856 574 201;
883 507 958 566 216:
987 502 1134 568 ἐκδόσεως
1154 526 1222 584 τιαρ-

137 585 381 666 αναγνωσθείοῳς
408 590 451 664 τῷ
478 586 601 666 Μιλησίῳ
628 597 779 670 μηχανικῳ
806 584 962 668 Ἰσιδώρῳ,
993 588 1124 668 ἡμετέρῳ
1147 588 1223 647 διδα-

137 670 253 749 σκάλῳ.
297 667 364 732 Hic
392 668 540 732 Isidorus
562 681 730 752 regnante
752 671 939 751 Justiniano
972 671 1083 734 floruit
1116 671 1222 754 (Aga-

137 754 233 816 thias
256 775 288 834 p.
315 775 374 832 295
398 755 451 817 ed.
474 754 582 818 Bonn.
613 756 756 837 Procop.
790 757 845 818 De
869 756 967 819 aedif.
990 756 1108 836 Justin.
1131 758 1157 832 I,
1185 759 1220 838 ι).

230 906 257 947 2.
315 884 393 946 Non
433 886 526 946 nouit
564 886 686 947 librum
720 888 763 948 de
797 887 1003 968 quadratura
1036 888 1222 970 parabolae

138 968 271 1047 (Nizzez
302 967 447 1031 Uebers
476 990 507 1050 p.
532 969 642 1052 Vfflp
666 991 745 1032 nam
768 971 803 1032 in
825 990 944 1033 comm.
969 973 1013 1033 ad
1036 973 1107 1031 ἐπιπ.
1130 973 1221 1053 ἰσορρ.

137 1054 196 1127 Π,
223 1076 238 1115 2
264 1074 296 1134 p.
322 1075 360 1133 37
389 1053 563 1133 Apollonii
586 1055 816 1118 definitionem
838 1056 976 1117 uerticis
1005 1055 1066 1136 (τῆς
1086 1059 1222 1138 κορυφῆς)

139 1139 314 1220 segmenti
335 1141 520 1219 parabolae
544 1140 641 1214 citat,
670 1160 876 1221 quamquam
898 1141 972 1222 ipse
995 1140 1222 1204 Archimedes

138 1223 261 1286 definit
284 1226 402 1304 quadr.
425 1227 543 1305 parab.
579 1245 613 1304 17
642 1246 674 1307 p.
705 1247 762 1303 3o;
786 1235 821 1287 et
850 1227 895 1287 ad
917 1225 993 1285 ἐπιτι.
1017 1229 1107 1307 ἰσορρ.
1130 1226 1178 1300 Π,
1202 1250 1222 1305 4

140 1308 255 1370 adfert
276 1309 369 1370 Eucl.
392 1309 441 1383 X,
468 1331 478 1370 1
518 1319 552 1371 et
574 1312 617 1372 de
640 1311 787 1390 sphaera
820 1318 854 1372 et
887 1311 951 1391 cyl.
984 1310 1017 1384 I,
1052 1315 1071 1372 6
1105 1331 1136 1391 p.
1173 1332 1221 1391 75,

139 1414 350 1474 quamquam
372 1393 484 1455 omnia
512 1395 617 1457 habet
639 1394 865 1457 Archimedes
893 1397 1011 1475 quadr.
1039 1397 1157 1476 parab.
1182 1417 1223 1457 20

138 1477 196 1540 fin.
242 1479 402 1558 Denique
424 1499 456 1560 p.
481 1499 531 1558 37,
557 1500 572 1540 2
594 1500 643 1560 sq.
667 1481 754 1542 haec
775 1480 895 1542 habet:
918 1480 979 1540 ἐπεὶ
1001 1481 1058 1560 γὰρ
1080 1481 1223 1541 δέδεικται

139 1563 230 1643 αὐτῷ,
255 1563 297 1628 ὡς
316 1565 364 1621 καὶ
386 1563 416 1622 ἐν
438 1568 480 1644 τῷ
502 1566 565 1645 περὶ
587 1567 714 1644 σφαίοας
733 1567 781 1623 καλ
806 1566 951 1646 κυλίνδρου
974 1564 1048 1624 εἶπεν
1070 1565 1112 1644 (h.
1136 1586 1165 1628 e.
1189 1587 1221 1648 p.

140 1649 203 1729 63),
227 1648 270 1707 δτι
292 1649 325 1706 τί)
348 1649 473 1706 τοιοῦτον
503 1652 602 1731 σχῆμα
630 1649 672 1727 (h.
696 1669 724 1710 e.
755 1654 851 1730 τμῆμα
880 1650 1057 1730 παραβολῆς)
1087 1649 1222 1731 έπιτριτόν

74 1733 77 1738 ’
140 1731 203 1791 ἐστι
234 1732 372 1812 τριγώνου
400 1735 473 1806 κτλ.;
505 1742 540 1793 at
569 1733 598 1794 si
626 1734 778 1795 nouisset
800 1734 922 1795 librum
950 1735 993 1795 de
1016 1735 1223 1815 quadratura

139 1818 344 1897 parabolae,
368 1836 445 1878 eum
468 1818 619 1890 citasset‚
650 1819 744 1880 cuius
773 1839 905 1880 summa
933 1819 1020 1880 haec
1049 1820 1125 1899 ipsa
1146 1840 1222 1900 pro·

139 1902 267 1983 positio
290 1911 352 1962 est.
396 1901 611 1983 Repugnare
632 1904 775 1977 uidetur,
798 1905 890 1984 quod
913 1904 947 1964 in
969 1903 1041 1962 ἐπιπ.
1065 1908 1155 1984 ἰσορρ.
1178 1905 1221 1980 Π,

141 1991 161 2048 8
192 2007 226 2068 p.
258 2005 296 2064 47
327 1986 422 2048 dicit:
461 1987 602 2046 δέδεικται
631 1989 688 2068 γὰρ
719 1985 762 2048 ὑπ’
786 1989 874 2047 αὐτοῦ
904 1989 933 2048 ἐν
964 1992 1006 2068 τῷ
1031 1990 1094 2068 περί
1124 2011 1222 2069 τετρα-

139 2074 285 2150 γωνισμοῦ
308 2076 358 2151 τῆς
384 2075 433 2129 τοῦ
456 2071 632 2150 ὀρθογωνίου
661 2071 753 2131 κώνου
775 2077 878 2153 τομῆς,
908 2073 949 2132 ὅτι
971 2078 1025 2132 πᾶν
1048 2077 1146 2157 σχῆμα
1176 2095 1222 2133 πε-

136 2157 311 2238 ριεχόμενον
341 2155 393 2215 ὑπὸ
423 2154 542 2220 εὐθείας
567 2157 614 2215 καλ
641 2157 820 2236 ὀρθογωνίου
847 2157 939 2216 κώνου
969 2162 1058 2238 τομῆς
1084 2157 1223 2238 ἐπίτριτόν

139 2239 202 2299 ἐστι
230 2239 368 2319 τριγώνου
391 2242 440 2299 τοῦ
463 2240 511 2321 τὴν
534 2240 620 2320 αὐτὴν
641 2243 727 2318 βάσιν
750 2239 869 2324 ἔχοντος
890 2241 1037 2323 αὐτῷκαὶ
1059 2241 1132 2324 ὕφος
1153 2242 1221 2304 ἴσον.

139 2323 214 2388 Sed
243 2323 322 2386 hinc
352 2344 421 2386 non
449 2325 513 2386 nisi
542 2325 607 2386 hoc
638 2327 798 2408 colligere
828 2327 922 2400 licet,
953 2327 1085 2390 titulum
1108 2329 1221 2409 operis

139 2408 359 2471 Archimedis
382 2409 414 2471 ei
435 2419 554 2472 notum
583 2409 701 2483 fuisse3
731 2421 845 2473 cetera
874 2411 979 2492 ipsius
1002 2411 1220 2474 Archimedis

137 2495 250 2556 uerba
280 2504 357 2554 sunt
386 2497 429 2556 de
457 2494 530 2576 sph.
555 2505 589 2556 et
616 2497 679 2578 cyl.
703 2496 720 2556 Ι
741 2495 847 2576 praef.
870 2516 902 2577 p.
927 2500 978 2574 63.
1023 2497 1075 2558 Ne
1098 2497 1220 2558 librum

138 2579 279 2659 quidem
303 2580 365 2659 περὶ
393 2578 493 2638 ἑλίκων
516 2599 592 2641 eum
621 2581 763 2655 uidisse,
786 2579 866 2642 inde
889 2583 1049 2661 adparet,
1073 2584 1164 2661 quod
1186 2603 1218 2663 p.

140 2685 204 2740 204
233 2662 330 2724 dicit:
364 2663 505 2743 εὑρῆσθαι
534 2664 631 2745 μέντοι
663 2665 743 2745 αὐτῷ
775 2665 822 2724 διαί
855 2687 935 2724 τινων
969 2666 1071 2725 ἑλίκων
1104 2666 1219 2726 εὐθεῖαν

137 2748 200 2829 ἴσην
224 2752 259 2829 τῇ
280 2747 399 2829 δοθείσῃ
429 2746 531 2807 κύκλου
561 2751 746 2831 περιφερείςη
778 2749 806 2810 si
835 2749 978 2831 legisset
1004 2750 1127 2812 librum
1157 2753 1220 2832 περὶ

137 2834 250 2902 ἑλίκων,
279 2831 351 2893 sine
374 2832 476 2895 dubio
499 2834 676 2896 adtulisset
706 2835 777 2896 eius
810 2855 905 2916 prop.
944 2840 990 2897 18.
1046 2835 1111 2897 His
1143 2855 1219 2916 per·

136 2917 255 3000 pensis
278 2916 316 2977 fit
344 2917 417 2978 ueri
450 2918 567 2991 simile,
602 2920 767 2981 editiones
800 2921 968 3001 uulgares,
1003 2921 1112 3000 qualis
1146 2930 1219 2982 erat

136 3002 262 3064 Isidori
284 3002 417 3076 Milesii,
440 3002 522 3063 nihil
544 3003 610 3064 nisi
631 3004 735 3065 libros
758 3007 821 3084 περλ
844 3007 972 3084 σφαίρας
992 3006 1039 3063 καλ
1064 3006 1218 3083 κυλίνδρου,

135 3087 259 3146 κύκλουΙ
280 3087 431 3167 μέτρησις,
472 3087 610 3146 ἐπιπέδων
644 3091 801 3169 λοορροπιαι
841 3090 1062 3164 continuisse,
1104 3100 1219 3152 cetera

136 3180 255 3234 autem
278 3190 384 3252 opera
406 3172 581 3234 subtiliora
604 3182 638 3234 et
665 3175 756 3235 lectu
783 3173 973 3236 difficiliora
1002 3175 1218 3256 paucioribus

135 3267 222 3319 nota
244 3255 357 3318 fuisse.

225 3406 299 3494 Iam
322 3406 490 3487 scripta,
514 3427 615 3485 quae
637 3407 946 3483 interciderunt,
978 3410 1216 3492 quorumlqui-

136 3515 219 3576 dem
241 3514 369 3574 mentio
395 3512 434 3574 fit
456 3515 499 3574 ab
523 3513 730 3576 Archimede
753 3516 828 3596 ipso
849 3517 905 3578 uel
927 3517 971 3577 ab
995 3518 1078 3590 aliis,
1101 3536 1217 3579 recen·

136 3640 285 3694 seamuS,
309 3630 343 3682 et
365 3620 510 3700 primum
532 3623 796 3702 geometrica:

225 3727 365 3789 Librum
393 3729 441 3788 de
470 3730 709 3809 septangulo
737 3729 775 3790 in
806 3728 957 3792 circulo
990 3731 1096 3794 habet
1125 3739 1216 3794 cata·

135 3836 239 3915 logus
273 3836 364 3914 apud
397 3833 561 3897 Casirium
593 3835 610 3896 Ι
642 3857 674 3916 p.
699 3840 759 3914 383
795 3846 830 3898 et
858 3835 1104 3919 Abulfaragr'us
1127 3839 1215 3900 Hist.

136 3943 274 4022 dynast.
297 3960 329 4020 p.
353 3963 403 4017 42·
447 3942 632 4004 Praeterea
654 3953 972 4006 commemorantur:
1003 3985 1007 3994 ·
1043 4001 1046 4008 ,

225 4047 284 4109 De
307 4048 472 4110 circulis
502 4069 592 4111 sese
615 4051 654 4111 in
682 4051 813 4118 uicem
835 4053 1102 4132 tangentibus
1124 4055 1216 4135 apud

137 4154 247 4218 Casiri
281 4155 298 4215 Ι
330 4176 362 4236 p.
397 4160 474 4234 383;
517 4135 560 4218 de
593 4156 880 4238 propositionibus
914 4160 1117 4239 quibusdam
1148 4162 1215 4223 huc

137 4261 284 4324 fortasse
306 4261 494 4324 referendis
516 4284 548 4326 u.
571 4284 603 4345 p.
628 4286 677 4341 25.
