2750 4594
659 313 840 368 '44-

197 490 300 555 efficit
328 493 471 572 species,
501 492 702 573 solebatque
725 493 824 555 nobis
846 493 960 572 pueris
988 492 1043 554 hic
1073 492 1202 553 loculus
1235 493 1285 553 ad

196 577 463 644 confirmandam
485 578 684 639 memoriam
711 574 876 658 prodesse
904 578 1084 658 plurimum
1107 585 1171 638 cet.
1215 575 1284 638 Ui-

197 664 296 725 detur
330 663 478 726 describi
506 662 575 723 tale
610 663 752 742 aliquid,
789 664 889 742 quale
925 673 977 724 est
1009 672 1162 723 nostrum
1195 660 1285 722 illud

196 768 379 829 puerorum
428 747 730 821 oblectamentum,
775 748 868 827 quod
905 758 1057 810 tesserae
1102 745 1284 809 Sinesicae

197 833 379 912 (chinesisk
402 831 486 912 Spil)
510 840 659 894 uocatur.
705 831 776 895 Sed
797 851 866 893 non
888 843 980 913 put0‚
1012 833 1102 894 hunc
1131 831 1284 892 lo'culum

196 919 285 980 inter
306 916 525 979 Archimedis
552 916 690 978 inuenta
718 916 933 980 referendum
961 937 1054 989 esse;
1082 935 1162 976 nam
1192 914 1284 976 »Ar-

197 1003 404 1064 chimedius«
422 1003 483 1064 uix
495 1002 586 1062 aliud
601 1000 772 1083 significat
790 1002 871 1064 nisi:
895 1022 1028 1064 summa
1050 1010 1124 1064 arte
1139 999 1283 1074 factum,

198 1086 424 1149 artificiosum.
459 1085 524 1148 Cfr.
538 1083 755 1166 prouerbium
775 1086 930 1167 πρόβλημα
948 1086 1156 1170 Ἀρχιμῆδειον,
1169 1084 1213 1166 (p.
1228 1088 1283 1168 27)
1362 1109 1363 1168 ι

198 1182 232 1233 et
256 1172 396 1233 Tzetzes
420 1171 503 1234 Chii.
526 1171 612 1244 XII,
644 1190 720 1251 270:
750 1174 806 1230 τῶν
829 1170 1018 1254 Ἀρχιμήδους
1036 1171 1174 1253 μηχανῶν
1202 1172 1284 1252 χρεί·

198 1279 232 1315 οιν
255 1254 327 1338 ἔχοι.

608 1542 861 1550 -....---

632 1773 754 1890 Capul
788 1773 843 1865 Ν.

463 1979 514 2032 De
534 1976 762 2032 arithmeticis
781 1975 1015 2032 Archimedis.

674 2131 773 2140 ..Λ-..-

283 2231 442 2293 Dubitari
475 2253 543 2293 non
576 2241 698 2312 potest,
733 2233 813 2312 quin
846 2233 934 2294 inter
961 2229 1111 2293 Euclidis
1141 2240 1176 2293 et
1197 2231 1282 2294 Dio·
1365 2219 1366 2232 ³

183 2326 316 2418 ¹phanti
338 2347 493 2419 tempora
515 2340 656 2400 multum
678 2340 712 2400 in
736 2326 950 2401 arithmetica
978 2358 999 2400 a
1028 2339 1281 2401 mathematicis

199 2443 340 2508 Graecis
369 2444 528 2508 effectum
558 2447 615 2519 sit,
649 2466 712 2508 nec
742 2445 842 2508 facile
878 2447 1058 2526 quisquam
1088 2445 1282 2519 crediderit,
1366 2463 1367 2516 j

196 2553 286 2615 hunc
315 2572 434 2614 omnes
463 2551 711 2633 propositiones
744 2573 824 2616 suas
852 2553 1016 2616 mirabilis
1039 2551 1203 2614 acuminis
1233 2553 1282 2614 in·
1366 2535 1367 2566 ³

198 2659 291 2740 genii
325 2675 560 2740 summaeque*
580 2661 753 2722 doctrinae
787 2669 895 2722 testes
928 2662 971 2724 de
1013 2681 1074 2722 suo
1107 2661 1282 2722 inuenisse

199 2766 297 2828 nullis
320 2768 431 2828 nisum
455 2768 596 2829 aliorum
618 2766 857 2831 fundamentis.
900 2765 984 2831 -sed
1006 2768 1213 2848 paucissima
1236 2769 1283 2829 ad

198 2893 261 2934 nos
306 2884 535 2954 peruenerunt
580 2894 685 2958 opera
727 2875 1015 2937 arithmeticorum
1053 2873 1281 2947 Graecorum;

200 3000 242 3041 ea
259 2983 301 3042 de
315 3001 418 3043 causa
439 2979 648 3062 perdifficilis
671 2991 808 3043 estnec
831 2983 944 3044 adhuc
967 2983 1049 3044 satis
1072 2991 1283 3062 pertractata

199 3089 354 3168 quaestio
378 3089 421 3149 de
444 3088 660 3150 incrementis
679 3098 713 3149 et
727 3108 913 3170 progressu
929 3089 1162 3152 arithmeticae
1175 3087 1282 3152 Grae·

200 3214 324 3258 corum.
374 3195 494 3276 Itaque
523 3195 650 3276 operae
676 3197 822 3276 pretium
853 3217 928 3260 esse
957 3197 1041 3258 duxi
1070 3196 1281 3277 conquirere,

200 3301 363 3383 quidquid
385 3303 420 3363 in
442 3291 574 3383 scriptis
596 3301 814 3365 Archimedis
837 3305 881 3366 ad
904 3304 1150 3386 arithmeticam
1179 3305 1282 3384 perti·

200 3420 307 3484 neret,
330 3411 476 3491 primum
490 3411 660 3489 quaedam
672 3411 907 3473 arithmeticae
918 3411 1101 3473 Euclideae
1120 3410 1282 3472 similiora

201 3517 278 3597 (quo
301 3538 343 3579 ea
365 3535 499 3598 quoque
522 3517 648 3593 rettuli,
677 3539 765 3598 quae
794 3521 838 3580 ad
861 3519 1038 3581 scientiam
1070 3520 1113 3580 de
1140 3537 1281 3599 propor-

200 3624 348 3686 tionibus
370 3625 563 3686 uniuersam
593 3625 698 3706 [Eucl.
721 3626 795 3687 libr.
819 3626 866 3706 V]
898 3628 1082 3708 spectant),
1111 3626 1189 3688 dein
1214 3625 1282 3688 alia

201 3733 364 3794 nonnulla
385 3740 522 3792 nostrae
544 3732 667 3794 rationi
688 3733 857 3813 propiora.

287 3838 326 3899 In
348 3838 435 3899 libro
465 3839 509 3900 de
539 3842 746 3919 quadratura
767 3841 953 3920 parabolae
983 3860 1015 3920 p.
1049 3845 1085 3901 18
1115 3841 1181 3902 hoc
1204 3859 1280 3920 pro-
1360 3843 1362 3850 ’

201 3945 337 4026 ponitur
358 3946 497 4007 lemma:
521 3948 576 4004 τῶν
596 3947 698 4006 ἀνίσων
713 3948 831 4030 χωρίων
853 3947 903 4006 τὰν
927 3947 1082 4029 ὑπεροχάν,
1107 3942 1126 4029 ᾇ
1148 3947 1281 4029 ὑπερέχει

202 4053 235 4110 τὸ
255 4054 353 4131 μεῖζον
376 4055 426 4110 τοῦ
448 4052 617 4126 ἐλάσσονος,
647 4055 765 4113 δονοτὺν
793 4054 868 4134 εἶμεν
897 4054 985 4114 αὐτὰν
1008 4055 1125 4136 [dauri]
1156 4053 1279 4112 συντιθε-

200 4157 288 4238 μέναν
317 4159 422 4222 παντὸς
448 4159 596 4242 ὑπερέχειν
619 4161 669 4218 τοῦ
696 4161 888 4240 προτεθέντος
918 4167 1133 4242 πεπερασμένον
1156 4163 1277 4244 χωρίον.
