2714 4570
625 293 681 352 195

114 476 180 547 έντί,
209 479 236 536 oi
262 476 295 537 δὲ
321 478 396 557 μετὰ
427 473 542 542 τούτους
563 475 638 536 ὀκτὼ
662 478 717 536 τῶν
740 476 890 557 δευτέρων,
914 478 960 539 καλ
982 479 1009 538 σί
1027 476 1102 556 μετὰ
1126 474 1185 536 τού-

113 567 180 650 τους
205 581 281 644 ἄλλοι
311 582 386 643 ὀκτὼ
410 587 464 644 τῶν
488 584 596 666 τρίτων,
619 585 665 642 καὶ
687 585 714 641 οί
731 583 806 663 μετὰ
829 582 944 650 τούτους
966 569 1041 644 δκτιὺ
1065 588 1121 644 τῶν
1143 605 1184 644 τε·

112 693 235 773 τάρτων,
269 695 297 752 οἱ
324 693 357 752 δὲ
383 694 470 752 λοιποὶ
499 691 550 752 δύο
578 696 633 752 τῶν
663 692 793 772 πέμπτων
821 692 998 773 καλουμένων
1027 689 1184 754 ἐσσυίνται·

111 803 159 860 καλ
185 803 201 860 ύ
228 798 354 883 ἔσχατος
382 799 473 859 αὐτῶν
496 798 556 859 ἐστι
578 797 648 859 δέκα
668 798 795 881 μονάδες
816 801 870 858 τῶν
893 799 1024 880 πέμπτων
1046 798 1182 880 ἀριθμῶν.

111 908 194 988 δῆλον
217 905 275 976 οὖν,
305 906 347 966 ὅτι
376 907 408 964 τύ
432 909 480 964 τοῦ
502 903 620 988 ψάμμου
641 907 748 986 πλῆθος
769 909 818 964 τοῦ
838 907 966 988 μέγεθος
986 904 1106 990 ἔχοντος
1126 906 1184 966 ἴσον

71 1021 74 1026 ’
110 1003 148 1096 τᾷ
176 1016 285 1095 σφαιρμ
313 1019 348 1094 τᾷ
377 1013 426 1072 τὰν
456 1010 607 1094 διάμετρον
636 1011 747 1096 ἐχούσᾳ
776 1013 901 1073 σταδάυν
926 1015 1034 1096 μυρίων
1062 1011 1183 1074 ἔλασσον

109 1120 238 1181 ἐσσείται
260 1117 275 1199 ἢ
299 1119 317 1177 ί
336 1117 462 1199 μονάδες
484 1121 538 1178 τῶν
560 1118 690 1198 πέμπτων
712 1118 849 1198 ἀριθμῶν.
872 1118 949 1182 πάλιν
976 1118 1010 1180 δὲ
1032 1122 1051 1178 ά
1073 1124 1182 1200 σμαιῙοα
1226 1130 1254 1189 8,

108 1233 128 1290 ά
156 1227 267 1312 ἔχουσα
295 1229 345 1286 τδιν
375 1227 525 1308 διάμετρον
547 1227 672 1286 σταδίων
691 1226 722 1307 ρ’
742 1224 888 1308 μυριάδων
912 1229 1100 1288 πολλαπλασία
1122 1225 1182 1288 ἐστὶ

109 1345 163 1405 τᾶς
182 1341 309 1418 σφαίρας
330 1343 381 1403 τας
402 1337 450 1397 τὰν
474 1336 624 1418 διάμετρον
651 1334 777 1419 ἐχούσας
794 1337 918 1396 σταδίων
943 1338 1133 1418 μυρίωνταῖς
1149 1337 1178 1419 ρ’

105 1446 298 1526 μυριάδεσσιν.
322 1446 353 1528 ,εἰ
372 1441 420 1502 οὖν
442 1444 550 1524 γένοιτο
572 1441 606 1501 έκ
628 1445 677 1501 τοῦ
700 1442 817 1524 ψάμμου
842 1448 952 1524 σφαῖρα
974 1442 1125 1506 ταλικαύτα
1148 1446 1180 1504 τὸ

105 1552 241 1634 μέγεθος,
264 1553 347 1610 άλίκα
369 1550 442 1610 ἐστὶν
464 1553 483 1610 ἁ
505 1557 615 1630 σφαῖρα
637 1549 656 1607 ά
678 1545 787 1632 ἔχουσα
811 1550 860 1610 τδιν
883 1549 1034 1631 διάμετρον
1057 1550 1179 1612 σταδίων

104 1662 135 1743 ρ’
161 1656 316 1742 μυριάδων,
345 1659 437 1739 δῆλον,
465 1659 507 1724 ως
532 1658 663 1718 ἐλάσσων
690 1657 814 1718 ἐσσείται
843 1660 859 1716 ὁ
889 1661 938 1718 τοῦ
960 1657 1079 1741 ψάμμου
1100 1658 1179 1740 ἀριδ-

104 1771 161 1850 μὺς
187 1770 235 1828 τοῦ
263 1766 414 1847 γενομένου
441 1768 562 1849 ἀριδμοῖι
592 1768 900 1828 πολλαπλασιασδεισᾶν
929 1772 978 1826 τᾶν
1001 1767 1072 1827 δέκα
1091 1767 1178 1848 μανά·

108 1879 165 1938 δων
195 1881 249 1937 τῶν
276 1877 406 1957 πέμπτων
434 1877 562 1964 ἀριθμῶν
585 1882 646 1943 ταῖς
662 1874 696 1959 ρ’
712 1875 906 1958 μυριάδεσσιν.
929 1877 975 1936 καλ
997 1875 1056 1936 ἐπεὶ
1078 1879 1107 1936 αἱ
1124 1877 1177 1958 μὲν

107 1990 162 2046 τῶν
192 1985 321 2066 πέμπτων
348 1984 476 2065 ἀριθμῶν
506 1983 576 2042 δέκα
602 1980 742 2064 μονάδες
757 1984 892 2068 τέταρτάς
919 1984 1046 2046 ἐστικαὶ
1068 2008 1177 2066 τριακο-

107 2095 176 2160 στὸς
195 2094 248 2152 ἀπὸ
268 2089 395 2174 μονάδος
414 2085 560 2172 ἀνάλογον,
588 2093 618 2151 αἱ
643 2092 677 2154 δὲ
696 2093 727 2173 ρ’
746 2091 884 2175 μυριάδες
904 2090 1030 2174 ἕβδομος
1052 2092 1106 2151 ἀπὸ
1126 2114 1176 2172 μυ

108 2200 193 2264 ναδυς
217 2198 250 2258 ἐκ
276 2205 327 2265 τᾶς
352 2198 442 2266 αὐτᾶς
466 2199 625 2277 ἀναλογίας,
659 2200 753 2281 δῆλον,
783 2199 826 2259 ὅτι
851 2201 867 2258 ὁ
893 2201 1044 2286 γενόμενος
1064 2199 1097 2259 ἐκ
1127 2205 1178 2264 τάς

109 2306 197 2372 αὐτᾶς
221 2307 368 2385 ἀναλογίας
393 2305 520 2390 έσσείται
543 2308 740 2387 τετρωκυστδς
760 2307 970 2386 άπδμονάδυς,
1000 2311 1053 2366 τῶν
1077 2307 1110 2368 δὲ
1133 2328 1174 2366 τε·

108 2415 250 2496 τρώκυντα
279 2412 384 2474 τούτων
412 2415 487 2474 ιλκτδι
512 2415 565 2495 μὲν
592 2417 620 2473 οί
640 2415 818 2496 ποώτοισδν
841 2423 877 2498 τᾷ
896 2416 1000 2497 μονάδι
1023 2417 1077 2474 τῶν
1099 2416 1173 2498 πρώ-

105 2543 159 2580 των
180 2519 360 2599 καλουμένων
383 2520 447 2581 ἐντί.
471 2522 499 2578 ολ
519 2522 552 2580 δὲ
571 2521 647 2600 μετὰ
669 2519 785 2584 τούτους
806 2518 882 2580 ἄλλοι
905 2519 981 2579 δκτάι
1003 2523 1059 2580 τῶν
1081 2521 1174 2582 δευτέ·

98 2649 170 2708 ρων,
199 2625 246 2683 καί
273 2627 300 2683 οἱ
323 2625 398 2704 μετὰ
428 2623 543 2698 τούτους
571 2625 647 2686 ἄλλοι
674 2625 749 2684 δκτδι
780 2629 835 2688 τῶν
863 2629 975 2708 τρίτων,
998 2631 1026 2687 oi
1046 2629 1079 2689 δὲ
1098 2631 1173 2710 μετὰ

102 2733 169 2799 τοὺς
196 2733 307 2813 τρίτους
328 2731 403 2790 ἀκτιδ
428 2735 481 2791 τῶν
504 2733 658 2812 τετάρτων,
682 2734 709 2792 οἱ
730 2733 764 2793 δὲ
783 2735 859 2810 μετὰ
881 2733 998 2802 τούτους
1017 2736 1094 2797 ἀκτδι
1117 2739 1172 2798 τῶν

187 3034 215 3090 2.
239 3031 266 3088 οἱ
293 3027 369 3090 ἄλλοι
396 3031 478 3092 codd,
510 3033 551 3102 R;
583 3035 633 3094 sed
660 3037 710 3094 uix
742 3037 813 3095 ferri
835 3045 933 3116 potest.
954 3037 993 3109 οῖ;
1024 3060 1079 3097 om.
1103 3040 1170 3100 Bas.

101 3115 172 3174 WT.
218 3117 245 3174 4.
267 3115 400 3190 μονάδων
420 3115 523 3175 FAOD
538 3118 602 3179 Bas.
614 3123 665 3179 τᾶν
676 3123 710 3178 Α.
757 3125 784 3182 5.
805 3120 950 3202 μεγέθους
970 3123 1079 3182 mn
1104 3125 1169 3184 Bae.

101 3204 129 3263 6.
152 3197 282 3260 ἐλάσσων
315 3200 362 3260 F?
393 3201 442 3259 OD
474 3202 540 3262 Bae.
570 3203 595 3262 R
623 3205 687 3284 (sed
716 3227 790 3265 corr.
819 3206 906 3287 ipse).
952 3213 978 3268 7.
1003 3207 1037 3288 δψ
1060 3229 1168 3270 omnes.

99 3287 118 3344 ἁ
146 3288 268 3366 σφαῖρα]
299 3287 329 3344 αί
355 3308 405 3367 σψ.
435 3287 471 3346 D.
518 3290 543 3348 8.
563 3289 708 3370 μυριάδων
739 3313 803 3350 eum
832 3290 898 3350 Bae.
929 3293 1008 3364 WT;
1035 3293 1173 3374 μυριάδες

99 3370 166 3441 ΑΒ,
180 3370 323 3450 μυριάδας
333 3381 399 3431 cett.
428 3375 456 3432 9.
471 3376 523 3437 τᾶς
532 3376 654 3434 alierum
667 3395 721 3452 ego
735 3377 843 3436 addidi.
869 3380 917 3440 10.
929 3377 1093 3458 μυριάδεσιν
1105 3379 1168 3440 ΑΙ).

99 3454 131 3512 τδ
163 3455 291 3534 μέγεθος
318 3479 371 3517 om.
404 3456 471 3518 Bas.
507 3459 586 3532 WT;
627 3464 724 3538 recepi
753 3483 789 3520 ex
819 3463 900 3522 codd.
939 3463 973 3536 R,
1013 3466 1095 3543 prob.
1132 3465 1168 3528 N.

101 3543 147 3601 ll.
161 3540 180 3598 ά
192 3542 241 3599 eli.
255 3563 301 3599 om
315 3541 346 3602 C.
372 3544 418 3602 12.
430 3541 531 3624 δήλων,
555 3547 606 3604 sed
619 3567 693 3606 corr.
705 3548 734 3604 in
747 3545 830 3626 δῆλον
846 3549 880 3606 Α.
907 3551 954 3609 13.
969 3551 1168 3614 πολλαπλασια-

99 3624 222 3685 σδεισῶν
245 3628 300 3684 τῶν
324 3627 412 3686 VAD.
458 3627 542 3707 δέκα]
566 3627 606 3689 δὲ·
626 3629 692 3688 Bas,
735 3630 866 3710 μονάδας
886 3633 921 3692 D.
968 3637 1017 3694 14.
1038 3630 1079 3714 ρ’]
1104 3633 1168 3693 ἑκα-
1341 3683 1343 3736 ψ

98 3711 144 3768 τὸν
169 3711 228 3769 BR.
270 3712 400 3792 μυριάσιν
428 3713 475 3770 F(¹
506 3715 582 3789 Bae„
609 3715 768 3795 μυριάδεσι,
799 3715 832 3777 δε
862 3722 1022 3796 expunctis,
1055 3720 1089 3792 D,
1119 3741 1168 3799 μιν

93 3795 172 3874 ριάσι
194 3793 264 3858 cotti
306 3795 377 3874 ἐπεὶ]
401 3797 463 3857 δπελ
479 3802 514 3859 Α.
562 3803 610 3864 18.
635 3802 826 3881 τετρακοστός
845 3803 943 3862 RWT.
989 3803 1168 3881 τετρώκοντα
1339 3741 1342 3926 ψ

97 3900 161 3960 ego,
191 3881 407 3960 τεσσαράκοντα
437 3891 503 3948 cett.
557 3887 605 3948 19.
636 3890 670 3966 τῇ
702 3886 767 3947 Bas.
797 3888 842 3946 F?
895 3892 943 3951 20.
974 3888 1167 3970 καλουμένων]

96 3965 225 4046 καμένων
252 3967 276 4025 F
305 3964 370 4046 (sed
398 3967 486 4049 corr.)
518 3968 539 4026 C
569 3971 635 4032 Bas.
681 3968 797 4039 τούτους
822 3976 919 4053 recepi
942 3996 978 4034 ex
1000 3977 1079 4046 WT;
1109 3975 1168 4034 for·
1332 3931 1340 4196 ψ

95 4057 172 4112 iesse
196 4053 378 4112 retinendum
401 4061 466 4112 erat
487 4055 577 4114 ταῦτα
600 4055 654 4135 (sie
678 4058 761 4116 codd.
785 4058 852 4119 Bes.
875 4058 923 4136 R).

963 4163 1015 4219 13*
