2714 4570
697 249 753 307 ¹52

185 432 302 495 Lino
331 433 498 495 Torellius
527 447 636 505 recte,
669 436 704 496 ni
731 433 843 508 fallor,
876 436 955 515 παρὰ
984 436 1036 492 τὸν
1059 435 1201 514 opizum
1222 435 1260 506 αἱς

185 542 270 601 wiell
292 543 432 623 ὑριζονται
453 541 542 614 Bas,
564 545 661 604 codd
705 542 749 604 Et
769 543 891 604 similia
912 543 983 605 Cr.:
1009 563 1072 603 sac
1093 542 1184 603 linea
1205 542 1262 621 ipsi

184 651 281 711 librae
303 651 518 711 assimilatur.
570 649 808 712 Terminantur
829 663 944 713 autem
971 651 1118 722 lineae‹<;
1147 669 1209 730 pro
1234 671 1260 730 er,

185 757 248 840 (εἴη)
276 759 361 840 legit
396 757 440 838 ln,
474 757 545 834 (cfr.
567 779 600 838 p.
628 764 707 836 115).
751 757 809 822 Sic
833 761 937 821 etiam
959 759 1145 820 Tartalea:
1171 757 1262 818 »assi-

184 869 319 929 milatur
339 868 430 928 linea
451 885 498 946 ag
515 866 581 946 ipsi
602 867 796 929 horizonti«.

269 975 307 1037 P.
339 997 441 1046 zm:
469 971 592 1033 ἕκαστον
621 977 679 1056 γὰρ
709 979 765 1035 τῶν
792 975 980 1057 κοεμααένιον
1080 974 1119 1033 οὐ
1153 977 1263 1053 aquam
1324 1055 1325 1058 Ἴ

185 1083 388 1143 καταστασθὲν
406 1082 494 1162 μένει,
517 1081 595 1142 ὥστε
615 1085 691 1142 κατὰ
718 1084 843 1142 κάθετον
865 1083 942 1163 εἰμεν
964 1086 997 1143 τό
1019 1105 1055 1142 τε
1079 1087 1201 1164 σαμεὶον
1222 1083 1262 1138 τοῦ

189 1195 354 1274 κρεμαστοῦ
375 1192 423 1250 καὶ
444 1192 478 1250 τὸ
499 1194 615 1272 κέντρον
645 1196 696 1250 τοῦ
727 1192 842 1272 fldem),-
872 1195 923 1250 τοῦ
950 1190 1152 1272 κρεμαμένων]
1186 1190 1263 1250 haec

185 1301 293 1363 uerba
316 1319 417 1360 sensu
440 1311 574 1373 uacant,
598 1303 660 1362 sed
681 1301 803 1362 similia
831 1301 937 1362 habet
969 1312 1003 1362 et
1031 1299 1109 1362 Cr.:
1135 1317 1262 1359 »unum-

187 1410 347 1488 quodque
380 1409 471 1469 enim
506 1429 747 1490 suspensorum
776 1429 822 1470 ex
855 1430 922 1490 quo
949 1419 1079 1490 puncto
1110 1406 1260 1469 constitu·

185 1527 257 1578 tum
279 1527 396 1578 manet
414 1525 513 1578 cett«
537 1529 573 1578 et
583 1516 759 1580 Tartalea:
784 1520 1070 1597 »unumquodque
1095 1517 1258 1579 enimsus·

185 1645 367 1706 pensorum
396 1645 442 1686 ex
472 1645 540 1705 quo
567 1627 666 1707 signo
705 1635 866 1687 statumm
906 1639 975 1698 est,
1003 1634 1128 1688 manet
1161 1631 1257 1686 cett«.

186 1733 412 1796 Scribendum
440 1745 540 1814 puto:
571 1733 693 1793 ἕκαστον
722 1736 779 1814 γὰρ
808 1738 865 1792 τῶν
886 1758 948 1804 κα,
970 1734 1005 1804 ἐξ
1024 1733 1061 1794 οὗ
1084 1733 1206 1813 capno)
1223 1753 1259 1787 κο

185 1842 381 1922 κατασταθῇ,
400 1841 490 1921 μένει,
512 1839 590 1902 ὥστε
728 1843 768 1904 In
790 1843 1011 1924 sequentibus
1034 1844 1141 1905 scrib.
1165 1839 1257 1898 δέδεικ-

186 1971 231 2009 ται
253 1951 322 2030 γὰρ
344 1948 404 2028 (οὖν
426 1953 555 2030 omnes)
581 1952 629 2010 καὶ
655 1953 740 2010 τοῦτο
762 1953 893 2028 butam«
924 1950 986 2024 Cr„
1018 1952 1157 2014 »enims
1186 1946 1253 2008 Tar-

185 2059 296 2139 talea)‚
319 2078 396 2120 cum
417 2059 579 2117 καὶτοῦτο
601 2059 766 2132 referatur
788 2062 833 2122 ad
854 2059 996 2119 δέδεικται
1018 2059 1078 2140 γὰρ
1103 2061 1191 2118 τοῦτο
1208 2053 1251 2114 lin.
1324 2047 1325 2108 l

190 2187 236 2244 13.
277 2165 359 2230 Sine
381 2167 485 2228 dubio
507 2169 773 2230 demonstratum
800 2167 863 2229 fuit
885 2169 919 2230 in
952 2168 1039 2228 libro
1074 2168 1143 2247 περὶ
1166 2164 1253 2241 ζυγῶν,

188 2277 231 2336 de
260 2295 327 2356 quo
358 2276 430 2337 dixi
451 2297 485 2356 p.
509 2298 559 2353 32.

271 2383 308 2445 P.
334 2405 431 2457 ψει
454 2388 579 2465 φανερὸν
607 2385 655 2455 δέ,
678 2385 722 2443 ὅτι
747 2387 794 2444 καὶ
820 2385 908 2445 αἴκα
1000 2385 1132 2466 χωρίου,
1163 2377 1253 2461 ὀρθῶς

187 2492 381 2573 ἕσθρροπήσει]
404 2513 466 2574 pro
488 2495 595 2572 ὑμοεὶος
619 2493 714 2567 Bas,‚
742 2495 839 2556 codd.
867 2494 997 2555 habent
1018 2493 1077 2564 ὅτι;
1110 2487 1246 2551 similiter

187 2599 361 2662 Tartalea:
398 2601 633 2664 »manifestum
652 2613 789 2675 ¹autem,
823 2604 913 2682 quod
947 2610 981 2662 et
1013 2600 1042 2660 si
1073 2648 1140 2672 ...,
1173 2589 1247 2677 quod

187 2708 364 2788 aequaliter
396 2722 552 2789 repent«;
587 2709 638 2773 Cr.
666 2710 819 2772 liberius:
855 2707 1092 2771 »manifestum
1126 2717 1251 2787 quoque

186 2825 247 2889 est,
281 2818 372 2896 quod
405 2817 433 2878 si
550 2820 727 2893 exstiterit,
760 2821 863 2881 ambo
895 2817 1047 2880 similiter
1077 2813 1254 2878 constituta
1324 2827 1325 2832 ¹

186 2943 284 3004 aeque
307 2927 574 3005 ponderabunt«.
619 2928 820 2989 Tollendum
850 2938 904 2988 est
930 2925 1023 3007 prius
1049 2925 1106 2986 ὅτις
1136 2914 1254 3004 φανερὸν

186 3031 220 3090 δὲ
241 3034 300 3104 καί,
323 3031 359 3091 αἴ
373 3057 410 3092 κα
434 3082 499 3106 ...,
523 3033 565 3093 ὅτι
587 3038 622 3094 ἰσ.

271 3140 309 3203 Ρ·
335 3163 435 3218 25‚12:
459 3142 492 3207 ἐς
511 3143 546 3201 τὰ
569 3143 715 3224 τμάματα]
745 3143 844 3206 scrib.
873 3144 914 3208 εἰς
941 3139 988 3200 ἴσα
1017 3140 1170 3221 papam
1200 3129 1254 3193 cfr.
1324 3205 1325 3210 ἵ

185 3268 217 3329 Ρ·
243 3269 324 3328 27οῑ
347 3251 388 3314 εἷς
408 3251 541 3330 τμήματα
572 3250 628 3312 ἶσα.
676 3249 806 3312 Eodem
834 3251 935 3314 modo
964 3270 997 3330 p.
1029 3252 1109 3321 28,11
1141 3261 1202 3326 pro
1228 3234 1257 3298 ἐς

187 3357 223 3415 τὰ
241 3357 315 3439 μέρη
339 3359 573 3438 reponendum
603 3367 655 3420 est
677 3361 717 3423 εἰς
738 3359 799 3418 ἴσα
818 3360 932 3439 μέρεα.
983 3357 1038 3420 De
1065 3356 1173 3417 uerbo
1201 3347 1257 3406 ἴσος

186 3466 230 3525 ob
253 3465 490 3546 compendium
513 3467 699 3548 scripturae
721 3468 816 3528 uarie
840 3476 997 3547 corrupto
1021 3464 1079 3527 cfr.
1102 3484 1134 3544 p.
1163 3475 1228 3535 135.
1324 3461 1325 3504 l

270 3572 307 3635 P.
333 3579 414 3647 νόω
444 3594 488 3635 ne
518 3575 592 3655 quis
622 3575 689 3634 ἐπεί
710 3585 745 3637 et
774 3574 849 3634 ἐστιν
876 3575 993 3636 addita
1013 3573 1104 3646 uelit,
1134 3578 1252 3630 moneO

184 3682 305 3742 uerba:
329 3682 406 3740 πάλιν
429 3682 530 3742 δὲκαὶ
552 3684 584 3742 τὸ
606 3678 660 3742 ΖΣ
682 3685 845 3765 τραπεζεῖον
866 3682 1090 3744 reconditiore
1112 3674 1252 3758 quodam

185 3807 276 3850 nexu
309 3789 478 3869 pertinere
513 3792 557 3852 ad
590 3791 647 3852 illa
679 3791 734 3854 lin.
767 3813 802 3871 7:
825 3790 884 3850 ἐπεὶ
914 3788 966 3852 οὖν
1001 3789 1062 3848 ἐστι
1093 3783 1250 3868 τροπεζεῖθν

185 3900 217 3956 τὸ
240 3899 295 3958 ΔΕ.

269 4007 307 4070 P.
339 4029 421 4087 27‚2:
456 4007 517 4065 ποτὶ
550 4008 583 4064 τὸ
616 4007 663 4088 Β]
695 4007 793 4068 scrib.
821 4008 884 4065 ποτὶ
913 4029 962 4086 τῳ
996 4006 1031 4066 B
1060 4023 1135 4066 cum
1168 3997 1249 4058 Βᾶὃο

186 4116 298 4188 codd.;
321 4115 382 4176 uix
405 4134 490 4193 opus
513 4122 565 4173 est
587 4113 691 4174 Nizzii
714 4114 923 4175 coniectura:
949 4115 1076 4172 ἀπὸτοῦ
1099 4111 1138 4170 B.
