2750 4594
11 4001 13 4102 l

673 276 729 317 102

160 459 211 520 ria
237 458 412 520 ricercaua
440 458 489 520 tal
516 457 682 538 originale
704 479 767 539 per
789 458 824 520 la
846 457 994 520 oscurita
1016 458 1072 520 del
1093 458 1243 539 parlare,

161 543 225 606 che
247 544 338 604 nella
366 545 462 605 detta
481 543 675 605 ‘traduttion
703 543 811 605 latina
839 542 867 606 si
895 543 1087 624 pronontia.
1139 541 1244 606 Onde

159 648 222 710 per
243 629 338 690 leuar
367 637 488 708 questa
509 627 613 689 fatica
636 648 657 688 a
678 637 795 690 vostra
823 627 976 709 signoria
1004 628 1038 688 di
1061 637 1134 689 star
1156 648 1178 688 a
1199 629 1245 690 ri·

160 712 334 791 carcare*)
364 713 412 774 tal
441 712 588 793 original
616 732 724 793 greco
755 711 846 792 (qual
872 711 955 775 forsi
984 712 1043 793 piu
1074 732 1198 775 oscuro
1222 733 1244 776 e

159 798 344 861 incorretto
365 798 399 859 lo
421 797 599 859 ritrouaria
612 799 702 883 della
724 798 820 859 detta
840 797 1028 881 traduttion
1052 798 1171 875 latina)
1195 798 1244 860 ho

160 883 349 946 dechiarita
372 903 391 944 e
414 883 659 945 minutamente
681 883 867 945 dilucidata
888 883 937 945 tal
957 892 1056 963 parte
1069 882 1103 943 in
1115 892 1243 963 questo

159 969 227 1030 mio
260 968 372 1050 primo
406 967 696 1048 ragionamento.«
750 966 864 1029 Etiam
895 968 1017 1029 librum
1050 967 1084 1028 H
1117 977 1245 1047 postea

158 1054 269 1127 uertit,
292 1054 355 1115 sed
377 1060 457 1113 ante
481 1072 584 1132 quam
607 1053 718 1114 editus
740 1062 842 1126 esset,
864 1051 964 1115 morti
993 1052 1171 1126 occubuit;
1196 1074 1245 1115 ex

159 1139 294 1201 schedis
328 1137 400 1198 eius
434 1137 540 1199 edidit
562 1136 728 1198 Troianus
762 1136 895 1200 Curtius
918 1135 1053 1216 (Uenet.
1082 1141 1173 1214 1565.
1198 1141 1243 1216 4).

158 1222 271 1286 Praei.
294 1221 351 1285 fol.
388 1243 423 1282 2:
460 1240 585 1302 »quare
619 1241 696 1284 cum
729 1223 877 1284 habeam
910 1223 1021 1284 adhuc
1055 1224 1149 1302 apud
1186 1242 1245 1285 me

159 1307 403 1370 Archimedem
438 1307 481 1368 de
511 1307 737 1368 insidentibus
767 1301 878 1387 aquae
909 1307 953 1368 ab
988 1307 1063 1387 ipso
1097 1306 1244 1370 Nicolao

160 1393 195 1454 in
217 1394 328 1455 lucem
357 1401 563 1464 reuocatum,
589 1401 629 1454 et
658 1400 822 1472 quantum
854 1392 898 1452 ab
922 1391 996 1472 ipso
1019 1389 1092 1452 fieri
1121 1392 1243 1473 potuit,

160 1480 205 1540 ab
231 1478 402 1540 erroribus
424 1476 553 1538 librarii
575 1477 793 1538 emendatum
806 1486 841 1539 et
854 1476 924 1537 suis
945 1476 1243 1539 lucubrationibus

158 1563 375 1636 illustratum,
403 1562 523 1623 videor
543 1560 704 1622 fraudare
733 1580 852 1624 omnes
880 1560 1049 1623 litteratos
1078 1580 1141 1622 sua
1162 1581 1243 1642 pos-

159 1648 321 1721 sessione,
345 1647 379 1708 ni
401 1647 524 1720 omnia,
548 1665 636 1725 quae
657 1646 756 1708 huius
775 1645 1038 1727 ingeniosissimi
1059 1645 1125 1707 uiri
1146 1647 1243 1727 apud

159 1753 214 1794 me
237 1741 381 1806 restant,
410 1732 444 1793 in
477 1733 589 1794 lucem
622 1730 795 1793 emisero«.
854 1731 951 1792 Idem
992 1731 1114 1793 eodem
1148 1750 1242 1793 anno

160 1838 240 1880 cum-
258 1819 324 1879 hac
347 1819 471 1879 eadem
492 1815 706 1897 praefatione
728 1817 851 1878 librum
873 1816 890 1876 I
911 1816 1034 1904 iterum
1057 1813 1175 1878 edidit.
1222 1866 1227 1874 .

246 1934 379 2028 Graece
402 1977 508 2038 opera
535 1955 753 2020 Archimedis
783 1955 929 2036 primum
951 1956 1150 2037 prodierunt
1172 1955 1242 2018 Ba·

160 2067 264 2129 sileae
296 2067 388 2147 apud
423 2065 586 2127 Ioannem
607 2063 836 2145 uHeruagium
873 2065 972 2142 (1544
1000 2062 1068 2145 fol.)
1097 2072 1243 2126 curante

160 2172 292 2236 Th0ma
313 2170 486 2236 Gechauff
499 2171 697 2233 Uenatori0.
732 2167 829 2250 Quae
852 2170 956 2232 editio
979 2179 1140 2250 quattuor
1162 2189 1243 2251 par·
1305 2253 1313 2260 Ἢ

159 2290 212 2344 tes
242 2281 310 2343 suis
339 2298 509 2361 quamque
536 2277 741 2359 paginarum
769 2278 917 2339 numeris
945 2277 1101 2359 signatas
1131 2278 1241 2340 conti·

159 2393 232 2445 net:
260 2385 286 2465 1)
309 2394 443 2448 textum
465 2384 645 2459 Graecum,
676 2389 706 2463 2)
730 2384 1046 2465 interpretationem
1069 2384 1241 2458 Latinam,

160 2495 192 2570 3)
215 2491 347 2564 Eutocii
369 2493 620 2566 commentaria,
644 2493 674 2572 4)
703 2493 824 2554 horum
853 2491 1012 2554 Latinam
1034 2491 1241 2572 interpreta-

159 2599 295 2662 tionem.
340 2599 573 2662 Praemittitur
595 2600 742 2680 epistula
764 2598 902 2661 editoris
925 2600 971 2660 ad
992 2607 1151 2660 senatum
1169 2597 1241 2660 No-

160 2705 427 2788 rinbergensem.
480 2706 612 2769 Textus
643 2704 795 2787 Graecus
825 2705 899 2767 sine
922 2704 1025 2767 dubio
1048 2725 1094 2767 ex
1118 2725 1160 2766 eo
1184 2725 1242 2767 co-

128 2853 132 2862 ·
160 2814 235 2876 dice
258 2815 448 2895 descriptus
471 2823 531 2887 est,
556 2833 657 2894 quem
686 2813 876 2874 Bilibaldus
897 2811 1148 2893 Pirckheymer
1170 2812 1242 2874 No·

160 2921 391 3002 rinbergensis
425 2922 450 3000 (†
484 2925 578 2999 1530)
610 2920 726 2982 Roma
755 2920 895 3000 accepit.
925 2920 964 3000 4).
1020 2919 1060 2980 In
1082 2921 1241 3000 margine

159 3029 277 3109 paucis
299 3028 382 3090 locis
404 3026 661 3090 emendationes
683 3030 916 3108 adponuntur:
944 3047 977 3107 p.
1008 3047 1048 3103 45
1083 3027 1243 3102 intextu

160 3188 249 3247 male
271 3187 371 3267 paim
394 3187 465 3266 πρὸς
485 3185 599 3266 pipat),
622 3204 690 3266 mg.
714 3193 806 3246 recte
829 3133 862 3192 λδ
884 3184 920 3237 et
947 3133 970 3211 β
979 3205 986 3258 ;
1009 3203 1042 3264 p.
1068 3204 1106 3260 53
1119 3205 1126 3244 :
1139 3198 1239 3264 ντμα-

158 3323 269 3400 μάτων,
292 3343 360 3406 mg.
384 3325 434 3386 τὰν
458 3327 531 3399 τῶν;
553 3345 585 3406 p.
613 3346 688 3386 120:
712 3324 745 3384 οὐ
769 3325 950 3404 δοξάζοντες,
978 3327 1047 3407 ing.
1071 3325 1166 3390 οὕτως
1194 3326 1236 3400 δ.;

159 3447 192 3508 p.
221 3451 294 3520 1¹22:
326 3431 384 3492 ἴσον
412 3436 510 3512 γωνίαι
537 3433 597 3492 ἐστὶ
627 3438 663 3513 τᾷ
690 3435 796 3513 γωνίᾳ,
826 3452 903 3514 mg.
933 3431 1005 3514 αὕτη
1032 3434 1049 3514 ὴ
1079 3434 1171 3509 γωνία
1193 3431 1240 3513 ἴση

160 3541 198 3617 τᾷ
225 3538 331 3620 γωνίας
360 3558 392 3619 p.
427 3543 501 3601 128:
531 3539 686 3619 τέμνουσαν
714 3540 748 3620 δὴ
777 3543 832 3598 τῶν
855 3562 893 3616 ογ
923 3538 1052 3608 εὐθειᾶν,
1081 3557 1151 3619 mg.
1175 3539 1239 3619 τέμ-

160 3663 247 3703 νουσα
270 3645 409 3726 ἑκατέραν
439 3653 489 3706 τᾶν
518 3646 579 3726 αγβ
609 3645 723 3706 sltem
753 3649 795 3723 (U.
822 3665 924 3726 supra
952 3665 985 3726 p.
1009 3649 1078 3724 98);
1108 3645 1143 3706 in
1172 3645 1238 3707 Eu·

160 3808 362 3819 ’Ἥ

185 3878 212 3945 *)
231 3881 336 3948 Itaque
355 3879 425 3933 libri
442 3879 490 3934 illi
509 3879 641 3948 „Graeca
663 3896 753 3933 manu
778 3879 899 3949 scripti“
922 3880 1059 3934 nonium
1077 3880 1238 3934 Tartaleae

229 3971 266 4025 od
283 3987 403 4024 manum
422 3975 517 4033 arant,
535 3985 592 4023 nec
610 3975 712 4022 tamen
731 3985 768 4022 ox
786 3969 887 4022 uerbis
907 3969 971 4023 eius
989 3969 1163 4024 necessario
1177 3971 1238 4023 col·

231 4060 345 4129 ligitur,
367 4075 435 4113 eum
453 4059 552 4128 ipsum
570 4058 701 4111 nondum
721 4059 867 4112 Graecum
895 4059 1029 4113 codicem
1056 4054 1144 4112 huius
1168 4058 1239 4113 libri

228 4149 350 4203 uidisse.
850 4157 853 4162 '
