2750 4594
654 332 688 373 21

221 514 401 577 Postremo
429 517 471 577 de
502 514 635 594 scriptis
663 511 934 585 mechanicia,
963 531 1051 592 quae
1080 513 1126 573 ad
1153 531 1216 574 nos

131 633 372 706 peruenerunt,
395 622 582 683 uideamus.
628 619 715 684 Sunt
736 620 840 701 igitur
861 620 966 681 haec:

222 727 419 790 Ἐπιπέδων
442 731 668 810 ἰσορριπιῶν
697 727 729 789 I:
752 727 947 808 praemissis
978 726 1158 789 axiomatis
1181 735 1216 788 et

132 837 314 900 elementis
336 838 473 899 statices
496 835 627 917 (I--HI)
656 835 769 916 agitur
799 835 842 895 de
871 834 1075 896 inueniendo
1098 843 1215 896 centro

132 945 317 1028 grauitatis
339 942 612 1024 magnitudinum
640 963 686 1004 ex
715 941 788 1003 aliis
818 940 1082 1022 compositarum
1110 939 1216 1020 (IV—

131 1053 196 1134 V),
222 1053 347 1114 deinde
377 1053 604 1123 demonstrat,
627 1048 881 1130 magnitudines
911 1047 1115 1128 qualeslibet
1146 1049 1215 1111 suis

131 1159 251 1222 librari
279 1158 500 1240 ponderibus,
531 1157 559 1218 si
588 1157 759 1219 inuersam
788 1155 1024 1219 distantiarum
1049 1155 1215 1218 rationem

131 1268 288 1329 habeant
311 1263 503 1346 (Vl-Vll).
555 1263 640 1325 Tum
665 1263 823 1344 exponit,
847 1282 916 1343 qua
943 1263 1088 1336 ratione,
1117 1273 1216 1344 parte

133 1375 249 1455 aliqua
291 1376 334 1436 de
374 1371 609 1453 magnitudine
650 1372 817 1443 detracta,
851 1380 1004 1433 centrum
1036 1370 1216 1451 grauitatis

134 1477 218 1549 eiuS,
242 1496 331 1556 quae
353 1488 467 1551 restet,
490 1479 597 1560 partis
619 1479 808 1560 reperiatur
830 1477 944 1560 (VHI).
989 1477 1054 1540 His
1078 1479 1216 1540 demon-

131 1584 255 1659 stratis
279 1595 397 1648 centra
419 1587 628 1668 grauitatum
653 1607 720 1666 quo
742 1587 846 1649 modo
869 1586 1092 1660 inueniantur‚
1115 1587 1217 1647 docet

130 1692 529 1774 parallelogrammorum
545 1691 714 1774 (IX-X),
738 1693 984 1775 triangulorum
995 1691 1215 1774 (XI-XIV),

131 1800 276 1880 trapezii
300 1799 403 1881 (XV).

218 1906 416 1968 Ἐπιπέδων
440 1909 559 1987 ι’σορρ.
589 1907 639 1969 II:
670 1908 747 1969 libri
779 1907 797 1969 I
828 1927 947 1989 propp.
978 1905 1140 1968 VI—VH
1170 1907 1216 1969 ad

130 2015 373 2095 parabolarum
406 2025 587 2096 segmenta
618 2014 867 2078 transferuntur
895 2015 949 2096 (Ι);
983 2014 1106 2076 deinde
1139 2033 1215 2095 pro·

130 2121 344 2202 portionibus
367 2122 570 2203 quibusdam
593 2124 636 2185 de
660 2123 784 2185 centris
800 2121 1007 2203 grauitatum
1029 2120 1214 2204 figurarum

131 2229 363 2309 quarundam,
397 2249 485 2310 quae
519 2230 553 2291 in
593 2230 780 2312 segmentis
821 2230 1060 2311 parabolarum
1100 2228 1214 2292 inscri-

129 2337 266 2409 buntur,
283 2336 523 2399 demonstratis
536 2337 710 2419 (II—VH),
731 2337 919 2400 ostenditur
936 2345 1089 2399 centrum
1099 2337 1213 2418 graui·

130 2443 211 2504 tatis
240 2443 410 2524 segmenti
439 2444 625 2525 parabolae
655 2464 758 2507 axem
787 2445 837 2506 ita
865 2443 1015 2505 diuidere
1023 2491 1037 2533 ,Ι
1067 2453 1104 2506 ut
1133 2464 1213 2525 pars

130 2551 177 2611 ad
205 2550 369 2612 uerticem
403 2550 468 2612 sita
501 2552 545 2612 ad
578 2551 744 2633 reliquam
774 2570 851 2612 eam
881 2550 1047 2612 rationem
1076 2550 1212 2625 habear
1326 2551 1330 2560 ⁴

131 2677 235 2738 quam
266 2679 283 2735 3
315 2659 360 2720 ad
384 2656 540 2746 ipim).
596 2659 760 2721 Extremo
793 2657 877 2730 loco,
911 2657 1100 2738 praemisso
1132 2658 1213 2720 lem-

129 2774 223 2826 mate
264 2764 477 2827 arithmetico
512 2763 605 2848 (IX),
639 2765 808 2829 inuenitur
848 2774 1001 2827 centrum
1034 2764 1213 2846 grauitatis

131 2872 303 2954 segmenti
326 2873 510 2952 parabolae
534 2869 680 2934 truncati
702 2867 770 2953 (X).

221 3001 247 3041 1.
311 2979 389 3059 Ipse
429 2978 657 3041 Archimedes
696 2976 760 3040 hos
793 2978 898 3040 libros
931 2980 1077 3062 μηχανικά
1112 2989 1213 3042 uocat

129 3065 263 3145 (quadr.
285 3083 357 3146 par.
380 3083 476 3146 prop.
500 3070 519 3126 6
542 3083 574 3145 p.
600 3084 648 3135 21,
677 3083 730 3139 13:
755 3062 896 3122 δέδεικται
917 3063 974 3145 γὰρ
997 3064 1082 3124 τοῦτο
1104 3062 1134 3123 ἐν
1156 3070 1215 3130 τοῖς

129 3154 300 3233 μηχανικοῖς
320 3179 359 3199 -·=
383 3149 454 3208 ἐπιπ.
478 3151 568 3230 ἰσορρ.
591 3147 616 3222 Ι,
644 3168 698 3224 143
728 3148 845 3227 quadr.
874 3167 945 3228 par.
980 3170 1018 3210 10
1040 3168 1072 3229 p.
1098 3171 1147 3228 23,
1171 3170 1209 3211 22

133 3261 174 3285 =
198 3233 229 3307 I,
263 3235 325 3314 15).
346 3233 413 3315 Περὶ
436 3235 602 3314 ἶσορροπιῶν
624 3232 731 3294 habet
757 3233 897 3314 Pappus
919 3231 1019 3307 VIII,
1055 3256 1066 3295 1
1093 3254 1124 3315 p.
1150 3256 1212 3313 314

132 3315 308 3380 Gerhardt
330 3318 372 3398 (p.
397 3339 459 3398 450
482 3317 705 3398 Command.),
739 3318 879 3380 Proclus
910 3327 1023 3380 autem
1054 3319 1089 3379 in
1118 3319 1210 3381 Eucl.

131 3423 166 3484 p.
199 3407 268 3476 181,
296 3407 348 3464 18:
379 3405 410 3462 αι’
436 3404 631 3483 ἀνισορριιπίαι
653 3401 746 3482 (citat
774 3403 905 3465 initium
926 3403 1004 3464 libri
1032 3403 1069 3483 Ι)
1092 3403 1211 3484 It'evrpo-

130 3487 244 3568 βαρικά
265 3498 389 3550 uocant
411 3487 551 3549 Tzetzes
579 3485 663 3550 Chil.
686 3487 772 3562 XII,
809 3509 868 3567 793
893 3497 928 3550 et
951 3487 1144 3568 Simplicius
1167 3489 1212 3550 ad

131 3569 276 3634 Aristot.
300 3573 343 3634 de
366 3573 462 3634 caelo
483 3571 535 3634 IV
557 3592 589 3653 p.
615 3577 676 3649 508
700 3593 729 3636 a.
781 3571 1050 3636 Commentarius
1079 3573 1212 3636 Eutocii

131 3657 168 3717 in
189 3666 370 3736 utrumque
391 3657 513 3719 librum
536 3657 639 3719 etiam
661 3677 751 3721 nunc
773 3667 896 3720 exstat.

221 3763 249 3802 2.
294 3741 331 3804 P.
354 3741 579 3804 Forcadel
600 3739 768 3805 Gallicam
795 3742 1111 3823 interpretationem
1142 3742 1211 3804 edi·
1327 3798 1331 3805 .

132 3825 225 3888 disse
253 3824 366 3888 fertur.
411 3826 517 3889 Paris.
546 3833 634 3904 1565.
660 3850 688 3902 42
724 3829 765 3908 (u.
797 3827 943 3890 Brunet:
978 3827 1117 3890 Manuel
1139 3827 1156 3888 I
1177 3847 1209 3908 p.

137 3931 218 3988 1339
242 3912 294 3973 ed.
317 3911 371 3992 V).
421 3911 458 3973 P.
488 3911 693 3974 Ubaldus:
716 3913 756 3974 In
786 3914 870 3974 duos
898 3912 941 3975 A.
971 3913 1210 3993 aequeponde·

131 3995 405 4160 {laeptiplmplippps
428 3996 655 4077 paraphrasis.
689 3997 823 4060 Pisauri
844 4002 925 4075 1588
947 3994 1002 4058 fol.
1026 3996 1092 4061 Cfr.
1105 3997 1210 4060 Kast-

219 4185 307 4266 Περὶ
330 4185 580 4269 ὀχουμένωνΙ
607 4187 757 4250 continet
768 4187 938 4250 elementa
949 4187 1208 4269 hydrostatices,
