2750 4594
671 267 711 336 30

149 457 199 516 ὅτε
220 459 261 522 εἶτ
281 456 415 536 Αἴγυπτον
439 458 621 541 παρέβαλεν).
671 459 739 522 Eos
769 461 957 543 posteriore
984 482 1119 543 quoque
1146 474 1228 525 tem·

149 583 231 645 pore
258 564 446 647 Aegyptiis
477 566 511 626 in
541 587 605 629 usu
634 566 750 641 fuisse,
783 570 883 630 docet
910 566 1035 631 Strabo
1062 569 1170 631 XVII
1195 591 1227 651 p.

149 677 221 751 807.
267 671 430 736 Similiter
456 673 659 736 Athenaeus
689 674 733 748 V,
758 680 818 737 208
841 675 904 755 ἰή
934 667 1092 736 δὲ’ἀντλία
1122 676 1228 757 (nauis

122 787 126 794 “
148 779 319 853 Hieronis
342 782 387 841 de
410 800 478 861 qua
500 780 588 842 infra
611 782 771 861 dicemus)
802 785 903 863 καίπερ
932 781 1030 860 βάθος
1052 784 1228 864 ὑπερβάλλον

148 884 260 969 ἔχουσα
282 887 385 952 δι’ἑνδς
410 888 517 968 ἀνδρὸς
537 888 694 970 ἐξηντλεῖτο
717 889 763 948 διὰ
790 891 915 972 κοχλίου,
940 889 1129 973 Ἀρχιμήδους
1153 891 1228 961 ἐξευ·

145 995 255 1075 γνόντος.

236 1100 349 1182 Supra
376 1122 408 1183 p.
439 1124 476 1179 32
507 1102 770 1164 commemoraui
791 1105 969 1183 problema
997 1104 1080 1165 illud
1106 1104 1230 1167 Archi·

148 1209 277 1271 medis:
302 1209 334 1267 τὸ
358 1208 445 1268 δοδὲν
468 1209 564 1290 βάρος
574 1218 608 1290 τῇ
622 1209 741 1290 δοθεισή
754 1210 870 1289 δυνάμει
881 1215 990 1291 κινῆσαι
1001 1211 1071 1291 (cfr.
1083 1232 1116 1292 p.
1131 1218 1148 1274 8
1160 1223 1229 1275 not.

149 1320 197 1398 6);
232 1317 298 1378 hoc
320 1327 547 1397 proposuerat
568 1317 769 1378 constructis
790 1317 965 1391 machinis,
989 1319 1230 1398 quibus'max·

148 1407 218 1485 ima
241 1443 345 1485 onera
368 1424 507 1485 minimo
529 1424 647 1486 labore
669 1444 808 1486 mouere
829 1435 956 1504 posset.
1007 1425 1089 1487 Uim
1112 1445 1230 1488 earum

65 1537 66 1542 ’
148 1532 314 1604 ostendit,
345 1550 421 1592 cum
451 1530 558 1593 Hiero
589 1551 653 1592 rex
682 1532 857 1612 ingentem
894 1553 1019 1595 nauem
1052 1533 1235 1594 struxisset

148 1638 262 1719 (quam
286 1638 447 1701 describit
468 1638 646 1700 Moschion
669 1641 762 1719 apud
783 1640 1003 1702 Athenaeum
1025 1639 1069 1713 V,
1088 1644 1148 1702 206
1166 1642 1234 1702 d—

150 1767 211 1824 209
235 1745 268 1819 f,
292 1745 350 1807 cfr.
374 1745 515 1806 Anthol.
546 1744 653 1807 Palat.
679 1749 825 1826 append.
854 1749 919 1827 15);
948 1766 1028 1808 nam
1054 1767 1130 1809 cum
1153 1749 1235 1809 hae-

147 1853 317 1928 sitaretur,
351 1873 419 1933 quo
454 1855 555 1914 modo
585 1854 708 1914 deduci
730 1863 864 1934 posset,
898 1853 934 1914 id
965 1853 1130 1916 machinis
1163 1855 1234 1917 suis

150 1960 305 2023 effecisse
329 1961 468 2033 dicitur;
492 1961 555 2022 sed
576 1980 746 2040 quaenam
776 1960 877 2060 fuerit
905 1959 1063 2022 machina
1093 1961 1166 2035 illa,
1195 1962 1233 2024 id

148 2068 238 2129 inter
260 2078 417 2130 auctores
439 2088 507 2130 non
537 2067 704 2129 conuenit.
753 2067 957 2130 Athenaeus
979 2067 1025 2141 V,
1057 2087 1116 2147 207
1141 2070 1230 2140 a-—b

146 2175 275 2237 factum
309 2195 386 2238 esse
419 2185 535 2237 narrat
562 2195 624 2255 per
651 2175 796 2236 helicem
824 2174 936 2255 (ὡςδὲ
965 2176 1028 2254 περὶ
1050 2175 1098 2234 τὸν
1125 2175 1232 2236 nalst-

147 2283 254 2363 κυσμὺν
277 2283 364 2342 αὐτοῦ
387 2283 435 2342 τδν
458 2285 500 2348 εἷς
519 2282 569 2362 τήν
592 2282 745 2342 θάλασσαν
771 2281 855 2362 πολλή
886 2281 1000 2363 ζήτήσις
1027 2280 1069 2362 ἦν,
1099 2279 1233 2366 Ἀργιγιή·

147 2370 235 2471 δήςὶὁ
255 2391 415 2472 μήγανικδς
433 2390 522 2470 μόνος
542 2389 613 2448 αὐτὸ
635 2390 784 2472 κατήγαγε
807 2388 842 2448 δι’
871 2389 974 2467 ὀλίγων
997 2389 1150 2468 σωμάτων.
1180 2412 1231 2448 κα-

146 2497 331 2562 τασκευάσας
351 2497 408 2578 γὰρ
431 2494 529 2555 ἕλικα
558 2497 590 2554 τὸ
620 2498 782 2577 τήλικοῦτον
813 2496 930 2574 σκάφος
947 2496 987 2560 εἷς
1007 2495 1056 2574 τήν
1080 2495 1233 2556 θάλασσαν

146 2604 303 2684 κατήγαγε·
334 2607 448 2684 πρῶτος
478 2604 503 2662 δ’
532 2601 705 2689 Ἀγνχιμήδής
732 2602 801 2684 εὔγνε
835 2601 883 2683 τήν
917 2606 968 2683 τής
1000 2600 1114 2668 ἕλικος
1144 2626 1232 2662 κατα·

145 2711 276 2791 σκευήν);
301 2711 328 2772 si
350 2710 415 2773 hoc
438 2728 560 2771 uerum
583 2721 644 2784 est,
668 2710 888 2791 cogitandum
901 2718 954 2772 est
966 2710 1009 2772 de
1021 2710 1181 2772 machina
1197 2711 1231 2772 ei

146 2817 261 2891 simili,
291 2837 395 2898 quam
423 2817 560 2879 uocauit
589 2816 686 2879 Hero
712 2817 883 2897 βαρουλκόν,
907 2836 953 2877 ex
976 2816 1059 2906 rotis
1082 2817 1230 2878 dentatis

146 2925 334 3006 composita
356 2933 391 2987 et
409 2942 472 3005 per
483 2922 630 2985 helicem
645 2907 820 2996 infinitam,
844 2921 932 3004 quae
955 2933 1105 2997 uocatur,
1128 2935 1229 2986 mota.

147 3031 224 3093 Huc
253 3042 386 3113 spectat
426 3030 579 3093 Eustath.
618 3033 662 3092 ad
691 3030 729 3092 Il.
763 3030 814 3091 ΙΠ
846 3051 878 3110 p.
912 3053 971 3107 114
1004 3032 1057 3092 ed.
1091 3029 1229 3094 Stallb.:

146 3137 257 3218 λέγεται
285 3138 318 3197 δὲ
348 3136 408 3208 ἕλιξ
434 3139 488 3198 καί
512 3161 537 3197 τι
564 3141 698 3220 μήχανής
725 3137 814 3218 εἶδος,
843 3135 861 3197 ὃ
888 3141 1004 3219 πρῶτος
1032 3137 1124 3216 εὑρὼν
1146 3139 1163 3196 ὁ
1184 3135 1224 3196 Ἀ.

127 3243 330 3326 ἐὐδυκήυήσεζ
354 3266 441 3325 φασι,
465 3245 500 3303 δι’
524 3243 621 3304 αὐτοῦ.
666 3243 738 3307 Sed
759 3245 918 3324 βαρυυλκόν
941 3245 985 3304 ab
1015 3243 1225 3306 Archimede

146 3352 321 3434 inuentum
355 3373 441 3426 esse,
477 3353 568 3433 quod
600 3353 705 3433 uulgo
738 3352 889 3424 traditur,
924 3372 945 3412 a
974 3352 1065 3413 nullo
1088 3361 1225 3413 auctore

145 3458 285 3538 antiquo
308 3468 478 3534 narratur;
507 3479 586 3521 nam
610 3478 698 3539 quae
721 3462 765 3521 de
787 3480 829 3521 eo
850 3460 957 3520 habet
978 3457 1119 3539 Pappus
1141 3458 1226 3520 VIII

145 3588 178 3648 p.
203 3572 361 3645 330—36,
392 3587 438 3628 ex
459 3566 598 3628 Herone
620 3575 766 3627 testatur
783 3586 819 3627 se
838 3565 1032 3647 sumpsisse.
1049 3622 1052 3628 .
1070 3565 1125 3627 De
1149 3585 1226 3627 con·

100 3659 102 3665 ¹
147 3675 315 3736 struendis
356 3673 438 3735 rotis
476 3673 624 3735 dentatis
658 3673 891 3753 helicibusque
925 3673 966 3733 iis
1000 3672 1088 3754 aptis
1121 3673 1227 3733 multa

146 3782 282 3842 disserit
311 3781 401 3842 idem
431 3779 516 3841 VIII
546 3800 579 3860 p.
610 3784 774 3858 358—74,
802 3789 989 3859 praeeunte
1011 3780 1067 3842 hic
1090 3800 1225 3860 quoque

146 3891 269 3950 eodem
297 3888 436 3950 Herone
467 3887 509 3966 (u.
540 3907 572 3966 p.
605 3905 681 3966 372:
711 3889 795 3944 τοῦτο
824 3886 881 3965 γὰρ
901 3884 997 3967 Ἵλγνιον
1027 3887 1173 3956 ἀπέδειξεν
1195 3886 1226 3947 ἐν

146 4001 206 4059 τοῖς
223 3999 406 4078 μήγυνικυῑς,
430 3993 610 4074 γραφήσεται
633 3993 666 4052 δὲ
689 3994 735 4052 καὶ
758 3993 806 4072 ὑφ’
829 3994 929 4075 ήμῶν).
980 3993 1162 4056 Plutarcho
1196 3995 1225 4056 si

145 4101 314 4163 credimus
328 4104 485 4179 (quocum
506 4100 674 4162 consentit
696 4100 909 4179 aliquatenus
931 4099 1073 4162 Tzetzes
1086 4099 1170 4163 Chil.
1182 4099 1225 4174 II,
1355 4095 1362 4371 ή
