2750 4594
671 333 688 393 5

146 517 312 598 piebatur.
368 517 434 581 Hic
467 517 667 581 Heraclides
700 518 844 582 fortasse
880 520 971 582 idem
1011 530 1077 595 est,
1116 539 1217 600 quem

144 602 372 666 Archimedes
394 604 436 684 (p.
454 625 523 685 217.
538 605 610 685 218)
631 614 668 667 ut
690 605 833 668 amicum
852 615 1099 680 commemorat,
1122 606 1216 668 cuius

144 687 257 751 officio
280 689 314 750 in
335 690 554 769 problematis
577 690 645 752 suis
659 690 825 753 Dositheo
847 691 1114 754 transmittendis
1134 711 1215 754 usus

145 774 198 836 sit.
231 774 313 835 Erat
329 793 452 836 nomen
463 773 583 838 Siculis
599 775 852 838 usitatissimum
871 777 912 856 (v.
925 776 1214 858 PapeBenseler:

143 859 318 922 Wiirterb.
342 861 373 921 d.
397 879 447 941 gr.
469 859 612 941 Eigenn.
636 880 661 923 s.
685 863 736 942 v.).

231 948 270 1027 2).
314 944 455 1007 Praeter
488 965 560 1021 eos,
601 946 658 1026 qui
698 948 741 1008 de
779 946 919 1008 historia
955 946 1214 1009 mathematicae

143 1031 178 1092 in
221 1030 415 1092 universum
455 1031 669 1111 scripserunt,
708 1032 771 1093 hos
811 1039 942 1093 tantum
980 1032 1130 1094 nomino:
1171 1031 1213 1095 D.

142 1115 367 1179 Rivaltus:
400 1115 617 1178 Archimedis
653 1117 739 1192 vita,
780 1117 815 1178 in
850 1117 928 1178 edit.
967 1117 1072 1179 Paris.
1124 1121 1213 1196 1615.

142 1201 468 1263 Mazzucchelli:
491 1199 622 1263 Notizie
637 1202 795 1272 istoriche
814 1201 947 1263 intorno
966 1202 1033 1264 alla
1051 1202 1130 1276 vita,
1150 1203 1215 1265 alle

142 1286 334 1358 invenzioni
367 1287 410 1348 ed
443 1287 513 1367 agli
546 1287 653 1349 scritti
682 1287 717 1349 di
743 1286 787 1350 A.
817 1287 1020 1349 siracusan0.
1075 1287 1217 1350 Brescia

147 1391 237 1451 1737·
262 1394 291 1448 4.
334 1371 362 1450 J.
386 1370 671 1435 Guteniicker:
703 1373 777 1434 Das
807 1370 971 1436 Grabmal
1003 1374 1064 1434 des
1093 1372 1215 1435 Archi·

143 1458 271 1518 medes,
315 1455 511 1539 Wiirzburg
544 1462 632 1536 1832.
664 1480 692 1536 4.
737 1457 949 1539 (Programm
976 1459 1037 1520 der
1058 1456 1215 1522 Studien·

142 1541 271 1604 anstalt
293 1561 332 1603 zu
350 1541 606 1623 Miinnerstadt).
630 1541 670 1605 G.
693 1543 829 1605 Libri:
852 1543 1002 1605 Histoire
1025 1545 1086 1605 des
1108 1543 1215 1607 scien-

141 1647 201 1690 ces
223 1626 507 1708 mathematiques
529 1647 572 1689 en
595 1627 690 1689 Italie
720 1629 839 1710 depuis
859 1630 894 1690 la
915 1629 1131 1691 renaissance
1154 1630 1215 1691 des

141 1714 269 1774 lettres
313 1711 410 1774 Paris
437 1717 662 1790 1838—41.8.
697 1714 767 1794 Ip.
792 1735 927 1792 34—41.
971 1712 1215 1777 M.Cant0r:

142 1797 260 1860 Euclid
283 1817 313 1859 u.
338 1817 362 1859 s.
385 1798 612 1877 Jahrhundert
633 1819 665 1879 p.
691 1803 824 1877 26—40.
881 1864 883 1868 ,

228 1966 453 2030 Archimedes
481 1967 599 2050 igitur,
629 1969 659 2030 si
680 1969 823 2032 Tzetzae
857 1970 1086 2051 1)credimus,
1116 1978 1215 2032 natus

140 2085 216 2137 erat
245 2073 425 2158 Syracusis
454 2095 542 2137 anno
573 2080 632 2156 287
664 2097 693 2139 a.
712 2076 793 2140 'Cha
823 2098 870 2151 n.;
903 2078 1110 2159 propinquus
1144 2086 1217 2139 erat

140 2181 286 2245 Hieroni
328 2183 418 2264 regi
447 2193 481 2244 et
521 2184 592 2245 eius
632 2181 839 2265 Gelonisque
878 2183 937 2247 filii
974 2186 1216 2248 consuetudine

137 2290 306 2352 utebatur.
353 2292 381 2371 2)
411 2290 450 2351 In
473 2289 675 2372 Aegyptum
699 2291 870 2373 profectus
892 2292 939 2354 ibi
960 2295 1075 2374 plures
1099 2313 1215 2369 annos,

139 2407 178 2459 ut
199 2397 347 2471 uidetur,
378 2398 450 2479 egit
472 2400 512 2479 3),
542 2398 691 2474 minime,
714 2410 750 2461 ut
772 2402 875 2482 uulgo
897 2401 1089 2482 opinantur,
1111 2410 1148 2462 ut
1170 2402 1214 2462 ab

137 2503 327 2586 Aegyptiis
350 2505 491 2568 scientia
509 2507 769 2570 mathematicae
781 2508 1004 2582 imbueretur;
1026 2528 1106 2570 nam
1128 2508 1213 2570 sicut

137 2611 286 2673 dubitari
318 2614 444 2694 nequit,
467 2616 559 2695 .quin
592 2615 686 2677 initia
719 2616 977 2678 mathematicae
1008 2617 1052 2676 ab
1082 2615 1123 2676 iis
1145 2625 1213 2677 tra·

138 2719 212 2780 dita
241 2720 307 2782 sint
335 2719 489 2796 GraeciS,
523 2722 571 2783 ita
599 2732 745 2796 constat,
774 2723 828 2784 his
857 2722 977 2784 saltem
1005 2723 1214 2803 temporibus

139 2825 292 2890 Graecos
303 2827 487 2911 Aegyptiis
509 2830 542 2890 in
564 2830 629 2892 hoc
648 2829 833 2892 studiorum
849 2849 977 2911 genere
996 2831 1099 2912 longe
1116 2850 1214 2911 prae-

138 2934 274 2997 stitisse.
318 2934 399 2999 Sine
423 2937 525 2998 dubio
536 2935 762 3000 Archimedes
773 2936 1007 3000 Alexandriae
1030 2937 1213 3018 discipulos

138 3041 289 3104 Euclidis
307 3044 582 3107 mathematicam
600 3047 762 3108 docentes
781 3046 897 3108 audire
913 3046 1020 3107 uoluit
1039 3045 1128 3124 (nam
1140 3045 1214 3126 ipse

137 3149 196 3212 ille
213 3149 470 3213 mathematicus
482 3152 685 3214 clarissimus
702 3163 782 3228 tum,
799 3155 927 3235 opinor,
947 3161 1098 3215 mortuus
1111 3153 1212 3234 erat);

138 3267 232 3319 certe
250 3259 321 3320 ueri
338 3259 445 3321 simile
468 3270 527 3332 est,
550 3270 621 3321 tum
644 3280 720 3322 eum
737 3261 784 3323 ibi
801 3281 877 3324 cum
889 3259 1027 3324 Conone
1040 3258 1156 3323 Samio
1179 3270 1214 3322 et

137 3364 363 3428 Eratosthene
393 3367 574 3429 amicitiam
596 3368 726 3442 iniisse,
760 3369 959 3450 quibuscum
986 3388 1064 3430 eum
1093 3378 1214 3448 postea

136 3458 276 3534 inuenta
298 3493 360 3535 sua
381 3475 646 3537 communicasse
668 3476 832 3538 uidemus
888 3477 917 3556 4)
951 3473 1052 3556 Quod
1074 3475 1212 3555 quidam

137 3590 286 3654 narrant,
316 3600 394 3642 eum
416 3581 449 3642 in
472 3581 673 3662 Hispaniam
695 3603 830 3664 quoque
853 3603 929 3645 esse
951 3581 1150 3664 profectum,
1177 3583 1212 3644 id

137 3695 247 3750 totum
258 3688 528 3751 commenticium
546 3700 605 3753 est.
642 3693 670 3772 5)
694 3690 879 3771 Postquam
891 3689 1079 3772 Syracusas
1100 3710 1212 3753 reuer-

137 3803 235 3867 terat‚
259 3795 305 3856 ibi
327 3796 446 3858 studiis
475 3817 586 3878 paene
616 3799 755 3860 obrutus
777 3805 926 3860 aetatem
947 3798 1113 3880 degebat,
1136 3818 1212 3860 cum

137 3901 251 3964 omnia
280 3903 540 3966 mathematicae
568 3907 698 3987 genera
727 3925 837 3984 aequo
863 3905 1018 3966 acumine
1039 3913 1210 3979 tractaret,

138 4010 252 4072 omnia
273 4010 419 4072 mirabili
441 4012 629 4093 sagacitate
652 4011 755 4074 animi
777 4013 958 4075 excoleret.
1003 4010 1073 4075 Sed
1100 4014 1211 4095 magis

138 4117 242 4194 etiam
260 4118 431 4182 mirandus
453 4130 505 4182 est
523 4122 568 4183 ob
588 4121 737 4182 diuinum
760 4120 883 4182 mentis
905 4118 1099 4182 instinctum
1117 4120 1211 4202 inge·

138 4225 296 4305 niumque
314 4226 465 4300 sublime,
482 4247 549 4306 quo
569 4237 676 4289 artem
689 4236 724 4289 et
743 4228 889 4290 studium
908 4247 1004 4289 suum
1021 4227 1131 4307 ipsum
1149 4246 1211 4307 per
