2714 4570
652 255 712 294 120

272 468 309 530 F.
484 433 487 596 Ι
530 419 648 531 Paris.¹
664 475 747 547 2360
769 471 808 532 Β.
868 437 871 604 λ
973 471 1143 536 Riualtus.

119 613 220 620 .......-...

112 753 185 789 αντα
219 731 306 790 πολλα
340 776 473 790 .....
502 751 574 789 αντα
595 731 647 788 πολ
664 778 860 793 .......
888 753 959 791 αντα
970 731 1058 790 πολλὰ
1070 736 1126 791 τῶν
1135 733 1186 792 ὑπδ
1195 739 1258 793 τοῦ

117 888 123 900 ,
148 887 155 900 ,
187 886 194 900 ,
223 837 286 917 περὶ
308 835 344 894 τὰ
367 835 475 916 στερεὰ
502 840 552 910 ξου
585 837 648 918 περὶ
684 837 720 896 τὰ
753 839 861 919 στερεὰ
889 838 1133 920 Εὐδόξοοπερλτδι
1141 843 1259 922 στερεὰ

115 943 319 1025 θεωρητέντῳν
354 942 396 1000 δτι
424 964 474 1002 πα·
503 942 712 1024 θεωρεθέντων
742 943 784 1002 ὅτι
811 950 861 1004 πᾶ·
889 945 1110 1026 θεώρηθέντων·
1129 947 1187 1007 οἷον
1207 949 1260 1007 δτι

113 1075 154 1110 σα
213 1047 335 1130 πύραμις
382 1071 475 1129 τριτον
503 1071 541 1110 σα
591 1051 712 1132 πυραμὶς
769 1053 861 1132 τρίτον
889 1057 968 1111 πᾶσα
1001 1055 1125 1134 πυραμὶς
1155 1058 1260 1134 τρίτον

115 1159 176 1218 ἐστι
202 1157 294 1239 μέρος
320 1165 477 1236 πρίσματος
500 1157 592 1237 μέρος
622 1157 683 1216 ἐστὶ
704 1159 864 1239 πρίσματος
887 1159 979 1240 μέρος
1004 1158 1066 1218 ἐστὶ
1093 1163 1263 1241 πρίσματος

116 1269 165 1324 τοῦ
219 1265 306 1343 βάσιν
358 1261 476 1346 ἔχοντος
503 1265 553 1322 τοῦ
605 1264 692 1340 βάσιν
744 1262 864 1347 ἔχοντος
890 1268 940 1325 τοῦ
989 1268 1077 1344 βάσιν
1132 1264 1263 1351 ἔχοντος

116 1375 165 1454 τὴν
198 1372 284 1452 αὐτὴν
317 1379 353 1453 τῇ
391 1393 476 1452 πορα-
503 1371 552 1450 τὴν
586 1369 673 1450 αὐτὴν
709 1380 745 1452 τῇ
777 1395 862 1453 πυρα-
890 1372 938 1452 τὴν
971 1373 1058 1454 αὐτὴν
1092 1378 1128 1456 τῇ
1166 1398 1259 1456 πυρα-

25 1504 28 1507 ·
114 1481 193 1560 μίδει
204 1481 251 1539 καὶ
264 1478 339 1559 ὕφος
348 1479 417 1538 ἴσον·
430 1480 477 1537 καὶ
500 1477 560 1557 μίδι
581 1477 628 1536 καλ
651 1476 725 1557 ὕψος
734 1477 803 1538 ἴσον·
815 1480 864 1538 καλ
887 1481 948 1560 μιδι
969 1482 1016 1540 καλ
1038 1479 1194 1562 ὕψοςῖσον·
1206 1485 1259 1542 καὶ

121 1589 164 1646 δτι
200 1591 257 1651 πᾶς
295 1607 388 1650 κώνος
420 1589 477 1666 τρί-
503 1585 546 1643 ὅτι
567 1589 624 1648 πᾶς
649 1589 743 1650 κῶνος
769 1581 863 1666 τρίτον
891 1589 934 1646 ὅτι
955 1593 1011 1652 πᾶς
1038 1591 1132 1653 κῶνος
1159 1591 1259 1671 τρίτον

116 1717 164 1754 τον
199 1693 291 1775 μέρος
327 1693 388 1752 ἐστλ
427 1694 478 1751 τοῦ
501 1691 594 1772 μέρος
632 1690 693 1752 ἐστὶ
733 1695 782 1752 τοῦ
818 1716 863 1752 κυ-
889 1693 980 1775 μέρος
1017 1693 1079 1754 ἐστὶ
1116 1698 1168 1754 τοῦ
1208 1719 1259 1754 κυ-

115 1801 266 1882 κολίνδρου
299 1802 349 1860 τοῦ
391 1800 478 1877 βάσιν
505 1799 618 1879 λίνδρου
673 1801 723 1858 τοῦ
777 1800 863 1876 βάσιν
892 1801 1005 1882 λίνδροο
1060 1805 1112 1859 τοῦ
1167 1803 1260 1878 βάσιν

41 1895 43 1904 ’
117 1906 237 1991 ἔχοντος
286 1907 335 1988 τλν
389 1907 478 1988 αὐτὴν
505 1903 625 1988 ἔχοντος
673 1906 722 1986 τὴν
779 1905 864 1987 αὐτὴν
893 1905 1012 1991 ἔχοντος
1059 1908 1109 1987 τδν
1167 1907 1259 1989 αὐτὴν

114 2023 161 2095 τῷ
198 2015 283 2095 κώνῳ
320 2016 368 2074 καὶ
406 2013 481 2095 ὕφος
505 2016 548 2092 τῷ
584 2013 670 2094 κώνῳ
707 2015 755 2072 καλ
793 2012 868 2093 ὕφος
893 2024 935 2096 τῷ
976 2015 1060 2094 κώνῳ
1099 2016 1148 2073 καλ
1182 2015 1261 2096 ὕψος

118 2121 191 2183 ἴσον·
235 2123 282 2181 καλ
325 2122 383 2202 γάρ
426 2144 479 2181 που
506 2119 574 2178 ἴσον·
618 2121 666 2179 καὶ
707 2122 763 2202 γὰρ
804 2119 865 2180 τού-
892 2122 960 2181 ἴσον·
1005 2123 1052 2180 καλ
1092 2122 1150 2201 γὰρ
1193 2121 1259 2182 τού·

121 2232 176 2289 τῶν
234 2230 562 2312 προοπαρχύντωνιτων
624 2229 865 2311 προοπαρχάντων
891 2251 947 2288 των
1006 2229 1257 2311 προοπαρχόντων

118 2339 246 2412 φυσικῶς
287 2337 350 2417 περὶ
390 2337 480 2395 ταῦτα
507 2337 646 2413 φυσικῶς·
673 2336 736 2416 περλ
775 2337 864 2394 ταῦτα
890 2339 1019 2414 φυσικῶς
1057 2336 1121 2416 περὶ
1160 2339 1259 2394 ταῦτα

121 2445 165 2524 τὰι
194 2445 331 2528 σχήματα
372 2446 480 2504 πολλῶν
507 2441 544 2500 τὰ
577 2441 715 2525 σχήματα
757 2415 928 2556 πολλῶνΙτδ
966 2443 1103 2526 σχήματα
1145 2445 1261 2502 πολλῶν

120 2552 174 2631 πρὸ
214 2551 333 2621 εὐδόξοο
366 2572 480 2633 ymm-
493 2583 495 2594 ι
506 2548 560 2628 πρὸ
574 2548 741 2618 ...εὐδόξου
752 2569 865 2629 yerem-
877 2569 879 2576 ·
892 2550 947 2630 πρὸ
959 2550 1009 2609 τοῦ
1026 2548 1148 2618 εὐδάξοο
1172 2571 1260 2628 γεγε·

1 2709 2 2722 ,
44 2745 46 2752 y
117 2658 212 2739 μένων
267 2658 353 2730 ἀξίων
404 2660 480 2738 λόγον
504 2655 598 2735 μένων
642 2655 730 2730 ἀξίων
781 2655 865 2734 λόγου
893 2656 1017 2738 νημένων
1045 2655 1133 2726 ἀξίων
1168 2657 1259 2736 λόγου

120 2766 294 2847 γεωμέτραι
352 2766 481 2842 σονέβαι·
507 2765 683 2843 γεωμετρῶν
733 2759 865 2836 σονέβαι-
892 2757 1067 2844 γεωμετρῶν
1123 2762 1258 2840 συνέβαι-

121 2895 165 2933 νεν
200 2873 252 2932 ὑπὸ
286 2874 398 2932 πάντων
432 2873 480 2952 ἀγ·
507 2891 552 2929 νεν
583 2870 635 2929 ὑπὸ
669 2870 781 2928 πάντων
893 2891 938 2930 νεν
961 2870 993 2928 τὸ
1016 2869 1129 2928 πάντων
1159 2869 1259 2928 εἷοθαι

121 2981 258 3040 νοεῖσθαι.
299 2980 338 3061 μδ
383 2979 408 3038 δ’
433 2978 480 3058 ὑφ’
508 2975 611 3035 εισθαι·
632 2975 700 3056 μηδ’
725 2975 773 3056 ὑφ’
804 2975 869 3041 ἑνδς
893 2975 925 3056 (λ)
965 2977 1032 3058 μηδ’
1087 2975 1135 3054 ὑφ’
1191 2975 1261 3040 ἑνὸς

122 3088 189 3153 ἑνὸς
260 3085 479 3166 κατανοηθῆναι·
508 3057 726 3164 κατανοηθῆναλ·
754 3079 867 3152 ἐξέσται
893 3083 1114 3164 κατανοηθῆναι·
1174 3081 1258 3158 ἐξέσ·

122 3192 236 3264 ἔξεσται
264 3193 298 3254 δὲ
327 3193 390 3274 περὶ
419 3190 480 3251 τού·
509 3237 515 3251 .
540 3237 546 3251 .
571 3237 579 3252 .
608 3189 641 3250 δὲ
668 3191 731 3271 περὶ
759 3187 875 3250 τούτων,
894 3213 940 3250 ται
977 3188 1010 3249 δὲ
1042 3190 1106 3268 περὶ
1145 3187 1257 3248 τούτων

123 3324 179 3361 των
201 3298 413 3379 ἐπισκέψασθαι
425 3304 484 3363 τοῖς
508 3294 720 3376 ἐπισκέψασθαι
742 3303 799 3362 τοῖς
823 3298 867 3356 δυ·
894 3295 1106 3376 ἐπισκέψασθαι
1128 3301 1188 3360 τοῖς
1209 3295 1255 3354 δυ·

123 3407 329 3489 δυνησομένοις·
376 3403 482 3486 ῶῳειλε
508 3402 678 3484 νησομένοις
691 3402 796 3483 ώῳειλε
814 3403 867 3483 μὲν
895 3403 1067 3484 νησομένοις·
1080 3399 1186 3481 ὤφειλε
1200 3401 1256 3483 μὲν

121 3515 174 3595 μὲν
207 3511 256 3574 οὖν
289 3515 415 3578 κόνωνος
440 3510 483 3572 ἔτι
509 3505 558 3568 οὖν
580 3509 713 3576 Κόνωνος
733 3509 774 3569 ἐτι
800 3508 867 3582 ζῶν·
895 3508 944 3570 οὖν
978 3509 1111 3574 Κόνωνος
1149 3510 1258 3585 ζῶντος

65 3687 68 3695 ,
124 3621 482 3696 ζῶντοςέκδιδοσθαιταῦ-
509 3638 559 3681 τος
599 3615 766 3676 ἐκδιδοσθαι
803 3618 868 3675 ταῦ·
895 3617 1072 3678 ἐκδίδοσθαι·
1096 3619 1187 3674 ταῦτα
1209 3619 1253 3696 τῇ·

125 3752 170 3789 τα·
193 3751 274 3808 τηνον
292 3729 349 3809 γὰρ
362 3728 482 3806 ὑπολαμ-
509 3743 554 3784 τα·
588 3727 669 3804 τῆνον
709 3724 765 3804 γὰρ
805 3723 869 3782 ι’·νπο-
895 3746 940 3785 νον
970 3725 1003 3802 (λ)
1040 3724 1097 3804 γὰρ
1133 3723 1251 3802 ὑπολαμ-

124 3837 251 3918 βάνομέν
304 3859 356 3894 ποο
403 3834 482 3915 μάλι-
509 3829 692 3913 λαμβάνομεν
718 3854 770 3920 που
789 3830 868 3911 μάλι-
894 3831 1022 3911 βάνομεν
1072 3853 1124 3904 που
1175 3831 1250 3910 μάλι·

126 3966 181 4004 στα
218 3941 358 4003 δύνασθαι
397 3963 483 4000 κατα-
510 3961 566 3999 στα
610 3937 750 3998 δύνασθαι
783 3960 868 3996 κατα·
896 3959 951 3996 στα
990 3934 1132 3996 δύνασθαι
1168 3958 1248 3996 κατα-

126 4053 226 4130 νοῆσαι
247 4052 346 4109 ταῦτα·
371 4046 485 4126 καλιὴν
511 4050 610 4126 νοῆσαι
632 4047 722 4106 ταῦτα
752 4045 799 4102 καλ
821 4043 869 4124 τὴν
896 4047 1003 4124 νοῆσαι·
1027 4045 1117 4102 ταῦτα
1137 4041 1249 4122 καλιὴν
