2714 4570
494 1145 497 1152 ›
528 1213 720 1294 Notae.

576 1384 676 1393 -ι--ο-

176 1490 252 1562 Quid
275 1491 328 1548 hoo
353 1487 450 1548 libello
472 1487 663 1548 Archimedes
685 1484 740 1544 sibi
761 1483 953 1562 proposuerit,
974 1483 1038 1558 ipse
1061 1481 1159 1540 stetim

91 1601 122 1656 in
150 1597 234 1656 initio
263 1596 296 1668 (I,
332 1595 423 1670 1-3)
445 1592 593 1662 deolerut3
623 1592 823 1650 demonstrare
852 1588 946 1647 uoluit
974 1589 1077 1648 seriem
1106 1608 1159 1646 nn·
1186 1659 1191 1668 Ι

91 1724 235 1764 merorum
262 1700 403 1761 infinitam
433 1719 497 1770 cese
526 1721 579 1759 nec
609 1699 698 1758 ullum
726 1697 798 1773 fingi
825 1716 911 1777 posse
933 1695 1157 1767 multitudinem,

91 1834 164 1892 quoe
193 1812 322 1871 numeris
351 1810 533 1869 denominari
558 1829 615 1867 non
644 1815 752 1886 posset.
797 1806 879 1880 Quod
909 1825 1014 1864 orenoe
1043 1804 1159 1882 potissi·

91 1942 168 1982 mum
191 1938 342 1978 numerum
364 1919 496 1996 sumpsit,
519 1917 549 1974 id
572 1909 606 1974 ed
628 1917 665 1975 de
687 1932 774 1976 reuse
793 1914 974 1988 factumest,
997 1911 1075 1990 quod
1092 1931 1159 1988 pro-

90 2029 220 2087 uerbium
254 2026 356 2083 tritum
397 2029 470 2095 eret,
510 2003 628 2082 irenem
659 2021 899 2082 innumerabilem
932 2037 995 2081 esse
1028 2019 1158 2095 (Pinder.

91 2137 205 2212 Olymp.
239 2134 275 2203 ll,
312 2136 368 2200 98:
411 2131 529 2213 ψάμμος
559 2130 680 2213 ῲιθμὸν
716 2130 933 2213 πεμιπέφευγεη
977 2129 1029 2188 cfr.
1066 2124 1158 2221 ἄμμον

90 2244 214 2322 μετρεῖν,
235 2239 277 2300 ἐπὶ
295 2243 355 2300 τῶν
377 2239 532 2300 ἀδυνάτων.
576 2240 772 2316 Peroemiogr.
796 2238 846 2301 Gr.
869 2259 898 2316 p.
924 2239 960 2298 11
982 2238 1027 2296 ed.
1048 2235 1157 2306 Goief.;

77 2349 262 2424 .Diogenien.
287 2351 322 2421 ΙΙ,
348 2353 386 2410 27
410 2373 439 2429 p.
466 2351 543 2421 1673
567 2350 674 2410 Zenob.
697 2350 719 2421 1,
749 2350 789 2410 80
816 2369 846 2426 p.
871 2347 955 2414 250).
999 2347 1079 2406 Male
1101 2348 1158 2422 igi-

92 2465 139 2514 tur
169 2461 240 2516 Libri
267 2459 356 2533 (Hist.
390 2457 441 2516 des
472 2477 512 2520 eo.
543 2456 632 2516 moth.
663 2476 699 2514 en
728 2454 811 2514 Itelie
833 2455 861 2512 11
884 2475 913 2531 p.
937 2456 1026 2529 295):
1064 2455 1117 2526 „A.
1142 2476 1159 2512 e

89 2565 169 2637 terit,
201 2585 311 2624 comme
339 2586 377 2625 on
406 2567 471 2637 eeit,
499 2585 539 2622 un
569 2563 656 2622 troiti
685 2562 800 2622 intituli
822 2558 994 2633 l'Areneire‚
1018 2563 1067 2639 qui
1090 2558 1118 2620 n'
1141 2582 1159 2620 e

89 2669 116 2728 d’
145 2680 228 2732 autre
258 2673 310 2730 but
341 2692 398 2749 que
431 2670 468 2729 do
500 2669 651 2747 simplifier
683 2669 712 2727 le
734 2669 916 2727 numiretion
950 2668 1002 2729 des
1036 2668 1157 2729 Grece“.

88 2778 162 2836 Nem
192 2793 266 2854 quae
295 2777 485 2858 Archimedes
518 2777 554 2834 de
584 2779 712 2836 numeris
741 2776 908 2852 ingentibus
938 2776 1158 2836 denominandis

88 2885 201 2958 adtulit,
236 2887 353 2944 minime
380 2886 506 2962 primum
532 2887 627 2944 locum
655 2885 796 2956 obtinent,
832 2884 885 2944 eed
918 2884 1158 2944 demonstrationi

87 2992 260 3049 inseruiunt.
311 2990 351 3049 Et
376 2991 431 3050 hoo
458 2993 665 3051 intellexerunt
690 2992 773 3051 multi
804 2994 936 3070 (Obouless
969 2992 1157 3052 Eoleiroiese·

88 3105 181 3158 mente
209 3118 260 3156 eur
286 3099 313 3155 le
339 3099 426 3157 truite
449 3098 486 3157 de
508 3119 629 3158 numero
651 3119 766 3158 arenae.
813 3099 949 3175 Comptes
972 3098 1055 3157 rond.
1079 3099 1116 3155 de
1137 3095 1156 3156 l’

86 3207 167 3266 need.
203 3208 255 3269 des
287 3227 326 3268 so.
363 3212 452 3270 1842.
503 3208 573 3267 xlv
605 3231 633 3288 p.
669 3213 833 3282 547-59;
867 3216 983 3296 variter:
1015 3211 1157 3274 Mathem.

86 3315 177 3381 Beitr.
204 3337 233 3393 p.
265 3318 324 3377 149
352 3324 416 3394 sq.).
471 3319 528 3380 Sed
557 3318 634 3376 idem
659 3325 733 3377 Libri
753 3326 832 3380 recte
855 3339 891 3376 ex
914 3319 969 3378 hoo
992 3320 1067 3379 libro
1090 3341 1157 3378 con·

86 3423 204 3482 cludere
226 3424 296 3482 mihi
319 3425 444 3496 uidetur,
468 3425 637 3486 Archimedi
664 3427 766 3488 eeltem
789 3447 852 3486 eam
875 3427 1047 3486 numerandi
1070 3430 1157 3488 ratio-

85 3549 160 3601 nem,
183 3550 241 3607 que
259 3551 335 3588 nuno
352 3532 469 3603 utimur,
493 3540 592 3592 notam
609 3553 668 3594 non
685 3533 784 3592 fuisse.
829 3533 891 3593 Her
908 3537 984 3594 enim
1003 3547 1158 3614 perspectu

84 3657 138 3713 per
167 3656 198 3694 se
227 3639 415 3714 intellegitur,
447 3661 596 3701 numerum
620 3640 801 3702 denominari
823 3662 909 3720 poseo
930 3645 1062 3723 quelibet
1083 3645 1157 3704 mul·

84 3744 209 3802 titudine
231 3748 382 3820 meiorem,
411 3767 473 3820 neo,
504 3757 538 3808 ut
559 3751 589 3810 id
612 3750 837 3826 demonstretur,
860 3752 955 3828 longis
978 3754 1035 3814 illis
1058 3755 1156 3814 ambe·

84 3852 170 3926 gibus
192 3873 266 3938 opus
288 3860 341 3914 est.
631 3917 633 3938 Ι

169 3955 193 4035 1,
217 3959 246 4018 1.
269 3959 389 4036 βασιλεῦ
423 3961 527 4042 Γέλων]
561 3966 609 4038 IV,
647 3968 700 4037 143
735 3966 815 4046 Gelo,
850 3967 986 4029 Hieronis
1019 3968 1104 4041 filius,
1139 3991 1156 4028 a

83 4070 169 4140 petre
190 4066 221 4123 in
242 4073 358 4144 partem
380 4073 463 4146 regni
484 4078 628 4150 receptus,
659 4075 746 4134 etiem
768 4096 786 4134 a
806 4075 936 4136 Diodoro
959 4075 1076 4153 (XXVI,
1102 4075 1155 4155 24)

84 4195 136 4232 rex
162 4182 292 4236 uocetur.
