2750 4594
647 323 685 380 25

124 507 260 588 egisse;
291 508 382 587 quod
411 506 537 568 factum
571 526 646 568 esse
680 515 793 585 potest
821 507 854 568 in
882 507 968 568 libro
998 507 1041 567 de
1076 505 1211 567 circulis

125 634 204 676 sese
228 614 263 674 in
285 613 396 675 uicem
417 615 638 694 tangentibus
662 613 715 692 (de
739 635 806 694 quo
828 635 859 677 u.
883 613 990 694 infra).

218 767 251 808 1.·
289 744 422 806 Primus
445 743 550 806 edidit
573 763 614 803 ea
636 743 670 807 S.
694 745 856 805 Foster:
879 743 1065 805 Miscellan.
1099 741 1210 803 Lond.

128 829 282 906 1659fol.
295 829 474 891 Lemmata
495 828 539 890 A.
568 831 660 908 apud
683 827 833 891 Graecos
856 839 891 890 et
913 827 1053 890 Latinos
1076 826 1223 893 deside,
1254 869 1260 880 .

124 925 203 976 rata
226 936 246 976 e
269 915 404 976 vetusto
427 915 544 976 codice
571 933 614 975 m.
647 935 671 976 s
702 913 854 982 Arabico
882 933 902 974 a
931 914 956 974 1.
986 911 1114 976 Gravio
1142 921 1210 973 tra·

124 1001 230 1078 ducta
253 1010 288 1060 et
310 1020 400 1062 nunc
422 1019 470 1080 pr.
495 1019 571 1061 cum
594 1000 735 1061 arabum
759 997 870 1061 scoiiis
893 998 1067 1079 publicata
1095 1006 1130 1058 et
1157 1016 1210 1057 re-

123 1094 285 1164 purgata.
348 1083 483 1146 Deinde
517 1084 541 1146 I.
576 1083 619 1146 A.
654 1084 865 1145 Borellus:
905 1081 1064 1163 Apollon.
1104 1081 1206 1162 Perg.

125 1169 233 1231 conic.
259 1169 413 1230 V-VII.
438 1179 472 1230 et
493 1168 710 1230 Archimedis
734 1178 981 1248 assumptorum
1003 1167 1098 1228 liber.
1132 1167 1210 1228 Flo·

124 1263 211 1316 rent.
247 1258 322 1315 1661
349 1253 422 1326 fol.;
445 1254 566 1316 Latine
596 1255 697 1316 uertit
725 1253 944 1314 Abrahamus
977 1251 1210 1314 Ecchellensis

124 1339 475 1418 commentariumque
515 1340 646 1400 addidit
694 1338 848 1401 Borellus
890 1335 1005 1419 (praef.
1045 1356 1078 1416 p.
1124 1338 1207 1416 383).

124 1423 233 1504 Apud
255 1423 427 1484 Borelium
448 1425 564 1486 titulus
597 1434 663 1486 est:
696 1425 782 1485 liber
817 1432 1065 1503 assumptorum
1086 1420 1210 1482 Archi-

127 1509 247 1580 medis,
271 1508 457 1588 interprete
479 1509 604 1570 Thebit
631 1510 700 1570 ben
730 1509 829 1569 Kora
844 1505 887 1569 'et
909 1516 1105 1588 exponente
1129 1507 1208 1568 doc·
1232 1541 1234 1544 ·

127 1603 201 1654 tore
215 1591 456 1654 Almochtasso
475 1591 683 1667 Abilhasan;
707 1593 764 1673 qui
786 1593 953 1673 quasdam
974 1601 1073 1653 notas
1096 1610 1210 1670 sump-

128 1678 173 1738 sit
195 1698 241 1738 ex
276 1678 364 1738 libro
397 1679 441 1738 ab
469 1677 649 1740 Abusahal
681 1677 813 1739 Alkuhi
847 1677 971 1758 scripto
1008 1676 1207 1755 (aordinatio

127 1763 205 1824 libri
227 1761 334 1824 Arch.
365 1764 408 1823 de
436 1763 653 1842 assumptis«;
676 1762 782 1843 praef.
806 1783 838 1844 p.
870 1762 952 1842 385).
997 1761 1037 1822 In
1059 1761 1207 1823 editione

128 1847 270 1909 Torellii
292 1857 429 1908 exstant
451 1867 483 1928 p.
508 1852 664 1925 355—61.
709 1847 827 1909 Habet
850 1848 1027 1927 catalogus
1056 1845 1160 1908 Casir.
1191 1845 1208 1906 Ι

126 1953 159 2012 p.
184 1936 265 2009 384:
289 1930 527 1993 Assumtorum
551 1953 576 1993 s.
599 1934 794 1994 lemmatum
817 1933 903 1993 liber
910 1953 917 2006 ;
952 1930 1010 1993 cfr.
1039 1928 1207 1991 Wenrich

126 2035 160 2098 p.
189 2037 258 2094 ¹9²·
282 2053 324 2060 —-
342 2015 509 2096 Quoniam
532 2016 664 2078 libellus
686 2017 877 2078 inscribitur
900 2018 1110 2087 »lemmata«,
1133 2015 1207 2075 ueri

127 2099 269 2162 similius
291 2099 436 2162 fortasse
455 2111 516 2174 est,
539 2102 602 2164 has
625 2102 873 2182 propositiones
901 2121 969 2164 non
992 2121 1037 2163 ex
1065 2099 1208 2161 aliorum

126 2186 261 2267 scriptis
292 2195 490 2267 excerpta5‚
522 2189 583 2248 sed
611 2207 634 2248 a
663 2185 797 2250 Graeco
830 2187 942 2267 aliquo
965 2186 1101 2248 homine
1123 2194 1208 2246 tem·

126 2271 220 2351 poris
243 2270 438 2352 posterioris
460 2271 616 2333 inuentas
639 2281 674 2333 et
695 2273 854 2334 collectas
875 2291 951 2332 esse
974 2273 1019 2332 ad
1040 2271 1209 2331 illustran-

127 2357 208 2417 dum
231 2375 317 2436 opus
340 2355 482 2436 aliquod*
500 2357 689 2437 antiquum,
720 2356 864 2419 fortasse
894 2357 986 2417 illum
1009 2355 1119 2435 ipsum
1141 2352 1209 2414 Ar-

127 2440 294 2502 chimedis
317 2441 360 2501 de
383 2441 515 2502 circulis
538 2461 613 2502 sese
643 2441 788 2503 inuicem
811 2441 1031 2521 tangentibus
1052 2440 1183 2500 librum.

215 2567 243 2625 2‘.
299 2563 400 2644 Prop.
431 2563 496 2626 IV:
525 2563 651 2646 figura,
675 2584 777 2646 quam
810 2563 946 2626 vocavit
978 2561 1206 2624 Archimedes

126 2649 269 2711 arbelon
304 2648 341 2728 (F
343 2649 388 2730 ig.
429 2651 464 2730 1).
519 2649 581 2711 Est
612 2649 723 2730 figura
750 2647 962 2718 ADCFBE,·
994 2645 1122 2726 ιῖρβηλος
1153 2656 1207 2707 est

125 2735 298 2814 scalprum
321 2734 482 2796 sutorium
505 2733 627 2814 (Schol.
662 2736 715 2796 ad.
750 2733 909 2796 Nicandr.
944 2731 1044 2794 Ther.
1069 2753 1145 2808 423:
1169 2731 1205 2789 τὰ

125 2821 284 2898 κυκλοτερῆ
307 2819 428 2900 σιδήρια,
452 2819 495 2883 οἷς
514 2821 542 2876 οἱ
562 2820 730 2897 σκυτοτόμοι
753 2818 883 2898 τέμνουσι
904 2818 951 2876 καὶ
969 2816 1063 2886 ξέουσι
1085 2817 1120 2874 τὰ
1143 2815 1206 2895 δέρ-

121 2913 235 2982 ματα);
259 2903 338 2964 inde
361 2922 485 2964 nomen
512 2902 682 2964 transtulit
709 2905 754 2964 ob
782 2903 1034 2965 similitudinem
1055 2899 1205 2981 figurae;

123 2989 169 3049 de
203 3007 246 3049 eo
283 2989 379 3069 plura
410 2989 516 3050 habet
548 2989 688 3069 Pappus
722 2987 787 3062 IV,
822 3011 859 3064 14
892 2987 919 3068 (Ι
953 3007 984 3068 p.
1021 2990 1204 3062 208-—232;

123 3074 238 3154 ἀρχαία
268 3073 404 3150 πρότασις
423 3083 564 3134 uocatur
585 3093 617 3155 p.
644 3076 724 3155 208).
774 3073 812 3135 F.
841 3073 1053 3135 Buchner:
1076 3071 1130 3132 De
1154 3089 1207 3131 ar·

121 3159 204 3219 belo
232 3155 459 3220 Archimedis.
503 3158 638 3239 Elbing.
667 3163 755 3236 1824.
785 3181 813 3235 4.

209 3241 311 3321 Prop.
324 3241 430 3304 XIV:
453 3241 565 3324 figura
582 3253 743 3305 contenta
765 3263 786 3304 a
807 3251 966 3322 quattuor
988 3239 1207 3302 semicirculis

120 3325 204 3398 AB,
235 3324 307 3398 Ac,
338 3325 423 3399 DB,
452 3326 513 3388 CD
536 3327 620 3408 (Fig.
647 3330 685 3410 2),
709 3348 785 3408 quae
809 3347 851 3389 ea
873 3335 940 3399 est,
971 3344 1074 3405 quam
1103 3335 1206 3386 vocat

121 3411 352 3473 Archimedes
365 3412 503 3474 salinon.
534 3410 625 3492 Quid
643 3414 678 3474 in
697 3413 761 3475 hoc
783 3412 919 3474 nomine
941 3412 1055 3484 lateat,
1078 3410 1203 3472 nescio.

210 3541 397 3604 Praeterea
429 3551 544 3604 exstat
578 3543 837 3624 epigramma
859 3545 1031 3624 quoddam
1054 3564 1075 3605 a
1102 3541 1207 3605 Les-

121 3648 190 3710 sin
197 3648 271 3729 gio
293 3649 421 3712 editum
448 3651 490 3730 1),
514 3650 608 3712 cuius
630 3651 685 3712 hic
708 3659 760 3712 est
782 3650 913 3713 titulus:
937 3651 1104 3730 πρόβλημα,
1133 3649 1206 3730 ὅπερ

121 3753 299 3839 Ἀρχιμήδης
329 3754 359 3815 ἐν
392 3756 598 3838 ἐπιγράμμασιν
632 3756 724 3837 εὑρὼν
758 3763 817 3822 τοῖς
847 3756 876 3816 ἐν
909 3756 1110 3838 Ἀλεξανδρείᾳ
1142 3756 1206 3837 περὶ

123 3864 216 3922 ταῦτα
246 3861 527 3943 πραγματευομένοις
555 3865 644 3945 ζητεῖν
674 3863 835 3923 ἀπέστειλεν
866 3862 895 3923 ἐν
923 3871 958 3944 τῇ
987 3864 1056 3944 πρὸς
1088 3859 1205 3944 Ἐρατο-

123 3966 209 4050 δένην
232 3970 280 4030 τὸν
303 3968 458 4052 Κυρηναῖον
487 3969 626 4052 ἐπιστολῇ.
670 3971 732 4032 Est
759 3971 802 4032 de
832 3971 1036 4034 inueniendo
1063 3992 1206 4034 numero

122 4079 229 4138 boum
252 4074 350 4152 Solis
363 4077 462 4139 datis
485 4078 688 4159 quibusdam
717 4077 920 4152 rationibus,
950 4098 1035 4158 quas
1057 4079 1144 4140 inter
1166 4099 1204 4150 se

123 4185 256 4245 habent
278 4191 438 4263 quattuor
459 4203 601 4266 greges,
625 4185 812 4266 nigrorum,
837 4186 1006 4257 alborum,
1029 4183 1202 4258 flauorum,
