2750 4594
681 267 719 323 4¹2

162 456 270 519 ratus;
301 456 375 509 erat
402 447 492 509 enim
524 446 582 509 1111
608 449 783 511 uenustior
809 457 844 510 et
872 448 1016 510 nobilior
1044 448 1078 509 in
1107 449 1251 528 uulgus,

163 574 265 634 quam
294 556 339 616 ab
369 556 492 618 eodem
519 554 728 617 Archimede
757 555 884 618 factam
912 564 1073 636 posuerat
1100 555 1135 616 in
1158 564 1250 616 tem-

160 662 219 742 plo
241 661 386 724 Uirtutis
414 662 595 724 Marcellus
617 662 723 735 idem;
753 663 815 724 sed
836 671 960 742 postea
992 679 1094 742 quam
1129 661 1252 741 coepit

162 768 329 829 rationem
361 769 460 831 huius
500 769 612 850 operis
646 769 869 846 scientissime
903 766 1021 832 Gallus
1055 787 1248 849 exponere,

161 876 238 956 plus
254 876 293 938 in
316 876 374 937 illo
396 873 510 938 Siculo
532 877 676 957 ingenii,
705 896 808 956 quam
835 876 1010 938 uideretur
1038 883 1159 936 natura
1181 875 1250 936 hu·

158 1002 263 1044 mana
289 982 377 1045 ferre
407 983 574 1063 potuisse,
609 983 803 1044 iudicabam
825 981 947 1055 firisse3
982 982 1120 1042 dicebat
1150 982 1247 1043 enim

161 1087 281 1154 Gallus
299 1090 486 1172 sphaerae
490 1089 577 1152 illius
599 1089 737 1170 alterius¹
759 1089 890 1152 solidae
912 1097 1015 1168 atque
1037 1088 1161 1168 plenae
1184 1109 1248 1150 ue-

161 1205 217 1257 tus
239 1214 315 1258 esse
344 1196 519 1258 inuentum
547 1207 582 1258 et
604 1216 680 1258 eam
709 1217 731 1258 1
760 1195 904 1256 Τ1111111
931 1195 1066 1256 Milesio
1094 1194 1246 1276 primum

160 1321 238 1364 esse
267 1310 451 1375 tornatum,
481 1312 559 1383 post
588 1312 702 1364 autern
724 1303 774 1364 ab
803 1301 950 1364 Eudoxo
980 1301 1113 1374 Cnidio,
1143 1300 1246 1363 disci-

97 1413 99 1418 '
161 1410 251 1490 pulo,
274 1419 312 1471 ut
334 1408 476 1483 ferebat,
499 1409 666 1483 Platonis
697 1411 843 1472 eandem
869 1409 963 1471 illam
991 1409 1091 1470 astris
1119 1408 1245 1470 stellis-

162 1536 243 1596 que,
273 1535 363 1596 quae
393 1517 489 1579 caelo
517 1517 750 1590 inhaererent,
784 1513 861 1578 esse
890 1515 1112 1596 descriptam,
1146 1515 1246 1577 cuius

160 1643 298 1686 omnem
328 1633 483 1686 ornatum
512 1633 547 1685 et
582 1623 862 1704 descriptionem,
898 1632 1068 1704 sumptam
1101 1623 1145 1684 ab
1174 1622 1244 1684 Eu-

162 1733 263 1793 doxo
283 1730 396 1792 multis
425 1730 522 1792 annis
550 1741 630 1812 post
658 1749 727 1792 non
761 1729 969 1811 astrologiae
1002 1730 1145 1792 scientia
1178 1731 1244 1792 sed

160 1838 299 1919 poetica
327 1838 475 1918 quadam
508 1837 669 1900 facultate
702 1837 857 1900 uersibus
889 1835 1036 1898 Aratum
1065 1837 1244 1899 extulisse.

162 1945 239 2008 Hoc
261 1956 376 2008 autem
398 1947 564 2026 sphaerae
587 1964 711 2026 genus,
740 1945 775 2006 in
797 1965 865 2024 quo
887 1944 967 2006 solis
990 1953 1025 2006 et
1046 1945 1146 2005 lunae
1170 1964 1243 2006 mo·

159 2061 215 2114 tus
238 2053 390 2114 inessent
409 2062 444 2114 et
462 2072 579 2115 earum
597 2051 747 2132 quinque
770 2051 951 2125 stellarum,
975 2071 1064 2131 quae
1087 2062 1244 2114 errantes

163 2168 198 2220 et
230 2159 327 2239 quasi
363 2180 476 2241 uagae
503 2160 773 2232 nominarentur,
809 2158 844 2220 in
872 2158 930 2220 illa
959 2159 1106 2239 sphaera
1131 2159 1245 2220 solida

162 2285 230 2327 non
252 2267 403 2347 potuisse
425 2267 522 2340 finiri,
546 2276 649 2346 atque
661 2286 696 2327 m
707 2287 749 2329 eo
768 2266 1005 2328 admirandum
1027 2285 1103 2328 esse
1125 2266 1244 2326 inuen-

159 2382 233 2434 tum
260 2372 474 2448 Archimedi,
502 2375 593 2494 quod
619 2375 867 2494 excogitasset,
899 2392 1000 2453 quem
1027 2375 1072 2492 ad
1101 2375 1243 2435 modum

158 2597 315 2650 seruaret
346 2608 415 2650 una
441 2588 628 2652 conuersio.
668 2586 769 2650 Hanc
803 2588 986 2668 sphaeram
1008 2585 1145 2649 Gallus
1162 2607 1242 2649 cum

161 2704 331 2769 moueret,
358 2693 479 2770 fiebat,
510 2706 548 2757 ut
580 2696 642 2758 soli
674 2697 755 2757 luna
787 2693 929 2756 totidem
963 2694 1242 2756 conuersionibus

159 2800 196 2862 in
218 2821 297 2863 aere
320 2802 392 2876 illo,
416 2813 499 2883 quot
528 2803 678 2866 diebus
669 2822 704 2863 m
726 2802 800 2884 ipso
823 2801 935 2877 caele,
958 2803 1170 2876 succederet,
1194 2822 1242 2864 ex

162 2927 229 2988 quo
257 2919 291 2971 et
320 2909 354 2970 in
382 2909 530 2990 sphaera
558 2911 639 2972 solis
667 2907 766 2972 fieret
787 2909 910 2970 eadem
938 2909 995 2970 illa
1025 2908 1180 2982 defectio,
1204 2919 1242 2971 et

159 3014 326 3077 incideret
346 3016 427 3078 luna
448 3027 520 3078 tum
542 3016 577 3078 in
599 3036 676 3082 eam
704 3026 845 3090 metam,
880 3037 968 3097 quae
999 3027 1091 3078 esset
1119 3017 1243 3078 umbra

159 3131 283 3196 terrae,
307 3143 385 3184 cum
407 3125 458 3186 sol
480 3144 500 3186 e
522 3125 664 3205 regione
687 3123 750 3185 Η.
795 3123 973 3186 Hactenus
995 3121 1129 3197 Cicero;
1152 3126 1245 3186 unde

160 3231 315 3310 adparet,
346 3231 529 3311 sphaeram
557 3231 649 3294 illam
678 3230 783 3292 fuisse
806 3230 1047 3310 planetarium‚
1071 3232 1163 3311 quod
1185 3252 1244 3293 uo-

159 3349 249 3402 cant.
312 3337 472 3401 Ceterum
511 3359 557 3400 ex
589 3338 705 3401 uerbis
744 3337 816 3399 eius
857 3336 1019 3418 colligere
1051 3357 1242 3419 possumus

160 3443 407 3508 Archimedem
449 3446 551 3508 etiarn
592 3445 735 3508 solidam
768 3445 951 3525 sphaeram
988 3444 1061 3506 siue
1088 3446 1242 3527 globum

161 3553 345 3615 caelestem
375 3552 571 3615 confecisse.
622 3554 677 3614 De
707 3551 897 3632 planetario
928 3551 985 3613 illo
1013 3551 1140 3614 maiore
1168 3562 1242 3614 arte

158 3657 317 3722 confecto
345 3679 377 3722 u.
406 3669 587 3750 praeterea
616 3658 736 3722 Cicero
764 3658 899 3720 Tuscul.
922 3657 951 3731 Ι,
981 3663 1039 3736 63:
1062 3678 1142 3720 nam
1165 3678 1242 3721 cum

160 3764 205 3830 A.
228 3767 345 3840 lunae,
369 3767 464 3841 solis,
492 3767 641 3848 quinque
663 3765 847 3827 errantium
868 3773 980 3828 motus
1002 3765 1037 3826 in
1059 3766 1241 3846 sphaeram

161 3873 316 3955 inligauit
345 3884 426 3948 cet.;
457 3875 501 3937 de
530 3883 598 3936 nat.
625 3875 718 3934 deor.
746 3871 795 3946 Π,
824 3877 875 3934 88.
928 3871 1032 3935 Ovid.
1058 3872 1150 3935 Fast.
1180 3872 1240 3946 VI,

161 4001 235 4060 ²77·
286 3980 716 4058 Lactant.Instit.H,5,
751 3984 798 4042 18.
852 3980 1009 4042 Martian
1037 3978 1164 4060 Capell.
1198 3979 1240 4054 ΙΙ,

163 4108 243 4161 212;
266 4087 326 4160 VI,
351 4092 411 4165 583
435 4107 484 4167 sq.
530 4085 704 4150 Claudian.
726 4086 844 4168 Epigr
872 4091 919 4149 18.
964 4085 1094 4150 Sextus
1114 4085 1240 4167 Empir.
