<?xml version="1.0" encoding="UTF-8"?>
<!DOCTYPE html PUBLIC "-//W3C//DTD XHTML 1.0 Transitional//EN"
    "http://www.w3.org/TR/xhtml1/DTD/xhtml1-transitional.dtd">
<html xmlns="http://www.w3.org/1999/xhtml" xml:lang="en" lang="en">
 <head>
  <title>
</title>
<meta http-equiv="Content-Type" content="text/html;charset=utf-8" />
  <meta name='ocr-system' content='tesseract 3.04.00' />
  <meta name='ocr-capabilities' content='ocr_page ocr_carea ocr_par ocr_line ocrx_word'/>
</head>
<body>
  <div class='ocr_page' id='page_1' title='image "./quaestionesarch00heibgoog_0043.png"; bbox 0 0 2750 4594; ppageno 0'>
   <div class='ocr_carea' id='block_1_1' title="bbox 681 277 722 334">
    <p class='ocr_par' dir='ltr' id='par_1_1' title="bbox 681 277 722 334">
     <span class='ocr_line' id='line_1_1' title="bbox 681 277 722 334; baseline -0.024 0"><span class='ocrx_word' id='word_1_1' title='bbox 681 277 722 334; x_wconf 77' lang='lat'><strong>34</strong></span> 
     </span>
    </p>
   </div>
   <div class='ocr_carea' id='block_1_2' title="bbox 161 457 1249 542">
    <p class='ocr_par' dir='ltr' id='par_1_2' title="bbox 161 457 1249 542">
     <span class='ocr_line' id='line_1_2' title="bbox 161 457 1249 542; baseline 0.003 -26"><span class='ocrx_word' id='word_1_2' title='bbox 161 459 276 536; x_wconf 83' lang='grc' dir='ltr'><em>ροποιία</em></span> <span class='ocrx_word' id='word_1_3' title='bbox 306 457 381 516; x_wconf 84' lang='grc' dir='ltr'><em>κατὰ</em></span> <span class='ocrx_word' id='word_1_4' title='bbox 407 460 520 539; x_wconf 73' lang='grc' dir='ltr'><em>μιμησιν</em></span> <span class='ocrx_word' id='word_1_5' title='bbox 549 461 605 517; x_wconf 84' lang='grc' dir='ltr'><em>τῶν</em></span> <span class='ocrx_word' id='word_1_6' title='bbox 634 457 775 538; x_wconf 82' lang='grc' dir='ltr'><em>οὐρανίων</em></span> <span class='ocrx_word' id='word_1_7' title='bbox 803 462 976 540; x_wconf 76' lang='grc' dir='ltr'><em>περιφορῶν,</em></span> <span class='ocrx_word' id='word_1_8' title='bbox 1004 461 1063 520; x_wconf 67' lang='lat' dir='ltr'><strong>oio</strong></span> <span class='ocrx_word' id='word_1_9' title='bbox 1092 459 1139 518; x_wconf 74' lang='grc' dir='ltr'><strong>καὶ</strong></span> <span class='ocrx_word' id='word_1_10' title='bbox 1161 458 1249 542; x_wconf 79' lang='grc' dir='ltr'><em>Ἀρχι-</em></span> 
     </span>
    </p>
   </div>
   <div class='ocr_carea' id='block_1_3' title="bbox 161 559 1251 754">
    <p class='ocr_par' dir='ltr' id='par_1_3' title="bbox 161 559 1251 754">
     <span class='ocr_line' id='line_1_3' title="bbox 161 559 1251 648; baseline -0.006 -19"><span class='ocrx_word' id='word_1_11' title='bbox 161 564 256 645; x_wconf 70' lang='grc' dir='ltr'><em>μήδης</em></span> <span class='ocrx_word' id='word_1_12' title='bbox 276 564 545 645; x_wconf 62' lang='grc' dir='ltr'><em>ἐπραγματεύσατο.</em></span> <span class='ocrx_word' id='word_1_13' title='bbox 595 564 672 628; x_wconf 94' lang='lat' dir='ltr'><strong>Hoc</strong></span> <span class='ocrx_word' id='word_1_14' title='bbox 700 565 804 647; x_wconf 85' lang='lat' dir='ltr'><strong>igitur</strong></span> <span class='ocrx_word' id='word_1_15' title='bbox 830 559 916 629; x_wconf 84' lang='lat' dir='ltr'><strong>libro</strong></span> <span class='ocrx_word' id='word_1_16' title='bbox 939 572 1154 648; x_wconf 82' lang='lat' dir='ltr'>exposuerat,</span> <span class='ocrx_word' id='word_1_17' title='bbox 1177 582 1251 643; x_wconf 87' lang='lat' dir='ltr'><strong>qua</strong></span> 
     </span>
     <span class='ocr_line' id='line_1_4' title="bbox 163 670 1250 754; baseline 0 -22"><span class='ocrx_word' id='word_1_18' title='bbox 163 672 294 734; x_wconf 87' lang='lat' dir='ltr'><strong>ratione</strong></span> <span class='ocrx_word' id='word_1_19' title='bbox 329 672 512 752; x_wconf 82' lang='lat' dir='ltr'><strong>sphaeram</strong></span> <span class='ocrx_word' id='word_1_20' title='bbox 546 672 637 734; x_wconf 90' lang='lat' dir='ltr'><strong>illam</strong></span> <span class='ocrx_word' id='word_1_21' title='bbox 667 674 879 754; x_wconf 89' lang='lat' dir='ltr'><strong>praeclaram</strong></span> <span class='ocrx_word' id='word_1_22' title='bbox 907 672 961 751; x_wconf 89' lang='lat' dir='ltr'><strong>(de</strong></span> <span class='ocrx_word' id='word_1_23' title='bbox 990 693 1059 754; x_wconf 87' lang='lat' dir='ltr'><strong>qua</strong></span> <span class='ocrx_word' id='word_1_24' title='bbox 1090 692 1122 734; x_wconf 92' lang='lat' dir='ltr'><strong>u.</strong></span> <span class='ocrx_word' id='word_1_25' title='bbox 1155 670 1250 735; x_wconf 84' lang='lat' dir='ltr'><strong>infra</strong></span> 
     </span>
    </p>
   </div>
   <div class='ocr_carea' id='block_1_4' title="bbox 163 779 532 861">
    <p class='ocr_par' dir='ltr' id='par_1_4' title="bbox 163 779 532 861">
     <span class='ocr_line' id='line_1_5' title="bbox 163 779 532 861; baseline 0.008 -21"><span class='ocrx_word' id='word_1_26' title='bbox 163 799 236 861; x_wconf 88' lang='lat' dir='ltr'><strong>cap.</strong></span> <span class='ocrx_word' id='word_1_27' title='bbox 260 779 320 860; x_wconf 92' lang='grc' dir='ltr'><strong>ΠΙ)</strong></span> <span class='ocrx_word' id='word_1_28' title='bbox 344 779 532 844; x_wconf 86' lang='lat' dir='ltr'><strong>struxisset.</strong></span> 
     </span>
    </p>
   </div>
   <div class='ocr_carea' id='block_1_5' title="bbox 160 883 1247 1391">
    <p class='ocr_par' dir='ltr' id='par_1_5' title="bbox 160 883 1247 1391">
     <span class='ocr_line' id='line_1_6' title="bbox 252 883 1247 967; baseline 0 -20"><span class='ocrx_word' id='word_1_29' title='bbox 252 908 276 948; x_wconf 92' lang='lat'><strong>1.</strong></span> <span class='ocrx_word' id='word_1_30' title='bbox 333 885 441 967; x_wconf 89' lang='lat' dir='ltr'><strong>Apud</strong></span> <span class='ocrx_word' id='word_1_31' title='bbox 473 885 637 949; x_wconf 86' lang='lat' dir='ltr'><strong>Casirium</strong></span> <span class='ocrx_word' id='word_1_32' title='bbox 665 886 683 947; x_wconf 94' lang='lat' dir='ltr'>I</span> <span class='ocrx_word' id='word_1_33' title='bbox 709 906 741 967; x_wconf 91' lang='lat' dir='ltr'><strong>p.</strong></span> <span class='ocrx_word' id='word_1_34' title='bbox 776 891 839 964; x_wconf 81' lang='lat'><strong>384</strong></span> <span class='ocrx_word' id='word_1_35' title='bbox 872 887 961 948; x_wconf 89' lang='lat' dir='ltr'><strong>inter</strong></span> <span class='ocrx_word' id='word_1_36' title='bbox 989 906 1095 967; x_wconf 92' lang='lat' dir='ltr'><strong>opera</strong></span> <span class='ocrx_word' id='word_1_37' title='bbox 1122 883 1247 948; x_wconf 89' lang='lat' dir='ltr'><strong>Archi·</strong></span> 
     </span>
     <span class='ocr_line' id='line_1_7' title="bbox 161 970 1247 1054; baseline -0.002 -22"><span class='ocrx_word' id='word_1_38' title='bbox 161 971 270 1032; x_wconf 91' lang='lat' dir='ltr'><strong>medis</strong></span> <span class='ocrx_word' id='word_1_39' title='bbox 294 980 363 1033; x_wconf 90' lang='lat' dir='ltr'><strong>est:</strong></span> <span class='ocrx_word' id='word_1_40' title='bbox 386 970 491 1033; x_wconf 90' lang='lat' dir='ltr'><strong>Liber</strong></span> <span class='ocrx_word' id='word_1_41' title='bbox 520 973 563 1033; x_wconf 92' lang='lat' dir='ltr'><strong>de</strong></span> <span class='ocrx_word' id='word_1_42' title='bbox 590 971 821 1033; x_wconf 82' lang='lat' dir='ltr'><strong>instrumentis</strong></span> <span class='ocrx_word' id='word_1_43' title='bbox 850 971 1072 1054; x_wconf 79' lang='lat' dir='ltr'><strong>hydrauliciS,</strong></span> <span class='ocrx_word' id='word_1_44' title='bbox 1107 971 1165 1032; x_wconf 95' lang='lat' dir='ltr'><strong>ubi</strong></span> <span class='ocrx_word' id='word_1_45' title='bbox 1199 972 1247 1031; x_wconf 90' lang='lat' dir='ltr'><strong>de</strong></span> 
     </span>
     <span class='ocr_line' id='line_1_8' title="bbox 162 1054 1245 1136; baseline -0.002 -18"><span class='ocrx_word' id='word_1_46' title='bbox 162 1056 311 1118; x_wconf 87' lang='lat' dir='ltr'><strong>cochleis</strong></span> <span class='ocrx_word' id='word_1_47' title='bbox 335 1058 379 1117; x_wconf 90' lang='lat' dir='ltr'><strong>ad</strong></span> <span class='ocrx_word' id='word_1_48' title='bbox 402 1076 509 1136; x_wconf 92' lang='lat' dir='ltr'><strong>aquas</strong></span> <span class='ocrx_word' id='word_1_49' title='bbox 532 1055 784 1118; x_wconf 86' lang='lat' dir='ltr'><strong>exhauriendas</strong></span> <span class='ocrx_word' id='word_1_50' title='bbox 814 1055 962 1129; x_wconf 89' lang='lat' dir='ltr'><strong>idoneis;</strong></span> <span class='ocrx_word' id='word_1_51' title='bbox 993 1058 1054 1117; x_wconf 92' lang='lat' dir='ltr'><strong>sed</strong></span> <span class='ocrx_word' id='word_1_52' title='bbox 1075 1054 1245 1117; x_wconf 88' lang='lat' dir='ltr'><strong>Wenrich</strong></span> 
     </span>
     <span class='ocr_line' id='line_1_9' title="bbox 161 1139 1246 1222; baseline -0.001 -21"><span class='ocrx_word' id='word_1_53' title='bbox 161 1161 193 1221; x_wconf 93' lang='lat' dir='ltr'><strong>p.</strong></span> <span class='ocrx_word' id='word_1_54' title='bbox 222 1162 282 1219; x_wconf 82' lang='lat'><strong>194</strong></span> <span class='ocrx_word' id='word_1_55' title='bbox 303 1142 505 1202; x_wconf 87' lang='lat' dir='ltr'><strong>uertendum</strong></span> <span class='ocrx_word' id='word_1_56' title='bbox 535 1149 667 1203; x_wconf 90' lang='lat' dir='ltr'><strong>censet:</strong></span> <span class='ocrx_word' id='word_1_57' title='bbox 701 1142 749 1202; x_wconf 90' lang='lat' dir='ltr'><strong>de</strong></span> <span class='ocrx_word' id='word_1_58' title='bbox 772 1140 1015 1222; x_wconf 89' lang='lat' dir='ltr'><strong>clepsydris.</strong></span> <span class='ocrx_word' id='word_1_59' title='bbox 1070 1139 1172 1202; x_wconf 92' lang='lat' dir='ltr'><strong>Hunc</strong></span> <span class='ocrx_word' id='word_1_60' title='bbox 1206 1140 1246 1201; x_wconf 91' lang='lat' dir='ltr'><strong>li·</strong></span> 
     </span>
     <span class='ocr_line' id='line_1_10' title="bbox 160 1225 1247 1306; baseline 0.003 -19"><span class='ocrx_word' id='word_1_61' title='bbox 160 1228 259 1288; x_wconf 91' lang='lat' dir='ltr'><strong>brum</strong></span> <span class='ocrx_word' id='word_1_62' title='bbox 281 1226 397 1306; x_wconf 90' lang='lat' dir='ltr'><strong>utique</strong></span> <span class='ocrx_word' id='word_1_63' title='bbox 426 1225 548 1287; x_wconf 90' lang='lat' dir='ltr'><strong>iniuria</strong></span> <span class='ocrx_word' id='word_1_64' title='bbox 583 1225 783 1288; x_wconf 90' lang='lat' dir='ltr'><strong>Archimedi</strong></span> <span class='ocrx_word' id='word_1_65' title='bbox 813 1227 977 1288; x_wconf 92' lang='lat' dir='ltr'><strong>tributum</strong></span> <span class='ocrx_word' id='word_1_66' title='bbox 1015 1244 1108 1299; x_wconf 89' lang='lat' dir='ltr'><strong>esse,</strong></span> <span class='ocrx_word' id='word_1_67' title='bbox 1142 1227 1247 1300; x_wconf 76' lang='lat' dir='ltr'><strong>docet</strong></span> 
     </span>
     <span class='ocr_line' id='line_1_11' title="bbox 160 1310 1015 1391; baseline -0.001 -18"><span class='ocrx_word' id='word_1_68' title='bbox 160 1310 266 1391; x_wconf 84' lang='lat' dir='ltr'><strong>Carpi</strong></span> <span class='ocrx_word' id='word_1_69' title='bbox 288 1312 392 1384; x_wconf 76' lang='lat' dir='ltr'><strong>locuS,</strong></span> <span class='ocrx_word' id='word_1_70' title='bbox 417 1330 519 1389; x_wconf 91' lang='lat' dir='ltr'><strong>quem</strong></span> <span class='ocrx_word' id='word_1_71' title='bbox 541 1330 644 1391; x_wconf 88' lang='lat' dir='ltr'><strong>supra</strong></span> <span class='ocrx_word' id='word_1_72' title='bbox 666 1312 1015 1376; x_wconf 89' lang='lat' dir='ltr'><strong>commemorauimus.</strong></span> 
     </span>
    </p>
   </div>
   <div class='ocr_carea' id='block_1_6' title="bbox 118 1415 1247 3360">
    <p class='ocr_par' dir='ltr' id='par_1_6' title="bbox 118 1415 1247 3360">
     <span class='ocr_line' id='line_1_12' title="bbox 251 1415 1246 1499; baseline 0.001 -20"><span class='ocrx_word' id='word_1_73' title='bbox 251 1439 279 1479; x_wconf 89' lang='lat'><strong>2.</strong></span> <span class='ocrx_word' id='word_1_74' title='bbox 315 1417 399 1480; x_wconf 88' lang='lat' dir='ltr'><strong>Cum</strong></span> <span class='ocrx_word' id='word_1_75' title='bbox 411 1417 643 1480; x_wconf 91' lang='lat' dir='ltr'><strong>Archimedes</strong></span> <span class='ocrx_word' id='word_1_76' title='bbox 663 1419 767 1479; x_wconf 89' lang='lat' dir='ltr'><strong>talem</strong></span> <span class='ocrx_word' id='word_1_77' title='bbox 791 1418 973 1499; x_wconf 81' lang='lat' dir='ltr'><strong>sphaeram</strong></span> <span class='ocrx_word' id='word_1_78' title='bbox 995 1415 1162 1480; x_wconf 86' lang='lat' dir='ltr'><strong>conficere</strong></span> <span class='ocrx_word' id='word_1_79' title='bbox 1184 1437 1246 1498; x_wconf 90' lang='lat' dir='ltr'><strong>po·</strong></span> 
     </span>
     <span class='ocr_line' id='line_1_13' title="bbox 162 1502 1247 1584; baseline -0.001 -21"><span class='ocrx_word' id='word_1_80' title='bbox 162 1503 279 1576; x_wconf 90' lang='lat' dir='ltr'><strong>tuerit,</strong></span> <span class='ocrx_word' id='word_1_81' title='bbox 310 1521 453 1584; x_wconf 85' lang='lat' dir='ltr'><strong>necesse</strong></span> <span class='ocrx_word' id='word_1_82' title='bbox 484 1512 552 1576; x_wconf 89' lang='lat' dir='ltr'><strong>est,</strong></span> <span class='ocrx_word' id='word_1_83' title='bbox 583 1522 661 1564; x_wconf 91' lang='lat' dir='ltr'><strong>eum</strong></span> <span class='ocrx_word' id='word_1_84' title='bbox 691 1503 794 1564; x_wconf 91' lang='lat' dir='ltr'><strong>etiam</strong></span> <span class='ocrx_word' id='word_1_85' title='bbox 831 1503 865 1566; x_wconf 92' lang='lat' dir='ltr'><strong>in</strong></span> <span class='ocrx_word' id='word_1_86' title='bbox 896 1502 1102 1566; x_wconf 80' lang='lat' dir='ltr'><strong>astronomia</strong></span> <span class='ocrx_word' id='word_1_87' title='bbox 1130 1521 1247 1563; x_wconf 90' lang='lat' dir='ltr'><strong>uersa·</strong></span> 
     </span>
     <span class='ocr_line' id='line_1_14' title="bbox 161 1586 1246 1730; baseline -0.001 -82"><span class='ocrx_word' id='word_1_88' title='bbox 161 1597 234 1649; x_wconf 91' lang='lat' dir='ltr'><strong>tum</strong></span> <span class='ocrx_word' id='word_1_89' title='bbox 256 1587 371 1649; x_wconf 87' lang='lat' dir='ltr'><strong>fuisse.</strong></span> <span class='ocrx_word' id='word_1_90' title='bbox 413 1586 458 1648; x_wconf 92' lang='lat' dir='ltr'><strong>Et</strong></span> <span class='ocrx_word' id='word_1_91' title='bbox 478 1588 543 1649; x_wconf 92' lang='lat' dir='ltr'><strong>hoc</strong></span> <span class='ocrx_word' id='word_1_92' title='bbox 566 1596 734 1648; x_wconf 89' lang='lat' dir='ltr'><strong>testantur</strong></span> <span class='ocrx_word' id='word_1_93' title='bbox 750 1590 941 1668; x_wconf 92' lang='lat' dir='ltr'><strong>complures</strong></span> <span class='ocrx_word' id='word_1_94' title='bbox 964 1597 1127 1660; x_wconf 69' lang='lat' dir='ltr'><strong>auctores</strong></span> <span class='ocrx_word' id='word_1_95' title='bbox 1130 1588 1246 1730; x_wconf 63' lang='lat' dir='ltr'><strong>guelut</strong></span> 
     </span>
     <span class='ocr_line' id='line_1_15' title="bbox 161 1671 1246 1776; baseline -0.002 -43"><span class='ocrx_word' id='word_1_96' title='bbox 161 1671 381 1753; x_wconf 90' lang='lat' dir='ltr'><strong>Hipparchus</strong></span> <span class='ocrx_word' id='word_1_97' title='bbox 410 1672 502 1753; x_wconf 91' lang='lat' dir='ltr'><strong>apud</strong></span> <span class='ocrx_word' id='word_1_98' title='bbox 531 1671 767 1734; x_wconf 88' lang='lat' dir='ltr'><strong>Ptolemaeum</strong></span> <span class='ocrx_word' id='word_1_99' title='bbox 801 1693 877 1732; x_wconf 84' lang='grc' dir='ltr'><em>συντ.</em></span> <span class='ocrx_word' id='word_1_100' title='bbox 908 1672 924 1733; x_wconf 93' lang='grc' dir='ltr'>Ι</span> <span class='ocrx_word' id='word_1_101' title='bbox 951 1693 983 1753; x_wconf 92' lang='lat' dir='ltr'><strong>p.</strong></span> <span class='ocrx_word' id='word_1_102' title='bbox 1023 1692 1099 1749; x_wconf 82' lang='lat'>153:</span> <span class='ocrx_word' id='word_1_103' title='bbox 1130 1671 1246 1776; x_wconf 75' lang='grc' dir='ltr'><em>ἐκρὲν</em></span> 
     </span>
     <span class='ocr_line' id='line_1_16' title="bbox 136 1754 1245 1838; baseline -0.001 -23"><span class='ocrx_word' id='word_1_104' title='bbox 136 1754 211 1834; x_wconf 78' lang='grc' dir='ltr'><strong>Ιοὖν</strong></span> <span class='ocrx_word' id='word_1_105' title='bbox 233 1756 341 1816; x_wconf 80' lang='grc' dir='ltr'><em>τούτων</em></span> <span class='ocrx_word' id='word_1_106' title='bbox 364 1759 459 1816; x_wconf 86' lang='grc' dir='ltr'><em>τῶν</em></span> <span class='ocrx_word' id='word_1_107' title='bbox 447 1757 596 1837; x_wconf 69' lang='grc' dir='ltr'><em>τορήσευιν</em></span> <span class='ocrx_word' id='word_1_108' title='bbox 619 1756 713 1836; x_wconf 76' lang='grc' dir='ltr'><em>δῆλον</em></span> <span class='ocrx_word' id='word_1_109' title='bbox 736 1757 779 1816; x_wconf 80' lang='grc' dir='ltr'><strong>ὅτι</strong></span> <span class='ocrx_word' id='word_1_110' title='bbox 803 1759 914 1838; x_wconf 74' lang='grc' dir='ltr'><em>μικραὶ</em></span> <span class='ocrx_word' id='word_1_111' title='bbox 928 1757 1101 1816; x_wconf 80' lang='grc' dir='ltr'><em>παντάπασιν</em></span> <span class='ocrx_word' id='word_1_112' title='bbox 1126 1757 1245 1836; x_wconf 68' lang='grc' dir='ltr'><em>γεγόνα-</em></span> 
     </span>
     <span class='ocr_line' id='line_1_17' title="bbox 118 1839 1245 1949; baseline -0.002 -49"><span class='ocrx_word' id='word_1_113' title='bbox 118 1861 120 1868; x_wconf 57' lang='lat'><em>*</em></span> <span class='ocrx_word' id='word_1_114' title='bbox 161 1862 203 1901; x_wconf 88' lang='grc' dir='ltr'><em>σιν</em></span> <span class='ocrx_word' id='word_1_115' title='bbox 234 1843 347 1900; x_wconf 80' lang='grc' dir='ltr'><em>αἰτῶν</em></span> <span class='ocrx_word' id='word_1_116' title='bbox 376 1839 509 1901; x_wconf 82' lang='grc' dir='ltr'><em>ἐνιαυτῶν</em></span> <span class='ocrx_word' id='word_1_117' title='bbox 540 1842 692 1949; x_wconf 81' lang='grc' dir='ltr'><em>διαφοραί·</em></span> <span class='ocrx_word' id='word_1_118' title='bbox 728 1841 786 1900; x_wconf 82' lang='grc' dir='ltr'><em>ἀλλ’</em></span> <span class='ocrx_word' id='word_1_119' title='bbox 818 1841 862 1900; x_wconf 73' lang='grc' dir='ltr'><strong>ἐπὶ</strong></span> <span class='ocrx_word' id='word_1_120' title='bbox 881 1842 934 1922; x_wconf 81' lang='grc' dir='ltr'><em>μὲν</em></span> <span class='ocrx_word' id='word_1_121' title='bbox 966 1843 1022 1901; x_wconf 83' lang='grc' dir='ltr'><em>τῶν</em></span> <span class='ocrx_word' id='word_1_122' title='bbox 1050 1844 1161 1920; x_wconf 84' lang='grc' dir='ltr'><em>τροπῶν</em></span> <span class='ocrx_word' id='word_1_123' title='bbox 1190 1839 1245 1898; x_wconf 83' lang='grc' dir='ltr'><strong>οὐκ</strong></span> 
     </span>
     <span class='ocr_line' id='line_1_18' title="bbox 161 1925 1245 2010; baseline -0.002 -26"><span class='ocrx_word' id='word_1_124' title='bbox 161 1925 329 1994; x_wconf 45' lang='grc' dir='ltr'><em>ἀπελπίζων</em></span> <span class='ocrx_word' id='word_1_125' title='bbox 351 1927 398 1986; x_wconf 76' lang='grc' dir='ltr'><strong>καὶ</strong></span> <span class='ocrx_word' id='word_1_126' title='bbox 427 1927 504 2006; x_wconf 73' lang='grc' dir='ltr'><em>ἡμᾶς</em></span> <span class='ocrx_word' id='word_1_127' title='bbox 528 1927 576 1986; x_wconf 82' lang='grc' dir='ltr'><strong>καὶ</strong></span> <span class='ocrx_word' id='word_1_128' title='bbox 605 1925 652 1984; x_wconf 84' lang='grc' dir='ltr'><em>τὸν</em></span> <span class='ocrx_word' id='word_1_129' title='bbox 676 1926 833 2010; x_wconf 72' lang='grc' dir='ltr'><em>Ἀρχιμήδη</em></span> <span class='ocrx_word' id='word_1_130' title='bbox 860 1927 908 1985; x_wconf 74' lang='grc' dir='ltr'><strong>καὶ</strong></span> <span class='ocrx_word' id='word_1_131' title='bbox 935 1925 1005 1984; x_wconf 86' lang='grc' dir='ltr'><em>ἐν</em></span> <span class='ocrx_word' id='word_1_132' title='bbox 993 1929 1028 2006; x_wconf 68' lang='grc' dir='ltr'><strong>τῇ</strong></span> <span class='ocrx_word' id='word_1_133' title='bbox 1056 1925 1172 2006; x_wconf 69' lang='grc' dir='ltr'><em>τρρῆσει</em></span> <span class='ocrx_word' id='word_1_134' title='bbox 1194 1925 1245 1983; x_wconf 87' lang='grc' dir='ltr'><strong>και</strong></span> 
     </span>
     <span class='ocr_line' id='line_1_19' title="bbox 161 2008 1245 2106; baseline -0.002 -37"><span class='ocrx_word' id='word_1_135' title='bbox 161 2008 191 2069; x_wconf 83' lang='grc' dir='ltr'><em>ἐν</em></span> <span class='ocrx_word' id='word_1_136' title='bbox 178 2033 251 2090; x_wconf 85' lang='grc' dir='ltr'><em>ντιρ</em></span> <span class='ocrx_word' id='word_1_137' title='bbox 234 2013 443 2090; x_wconf 72' lang='grc' dir='ltr'><em>συλλογισμῷ</em></span> <span class='ocrx_word' id='word_1_138' title='bbox 463 2010 608 2089; x_wconf 84' lang='grc' dir='ltr'><em>διαμαρ’</em></span> <span class='ocrx_word' id='word_1_139' title='bbox 572 2031 664 2069; x_wconf 88' lang='grc' dir='ltr'><em>·ονειν</em></span> <span class='ocrx_word' id='word_1_140' title='bbox 687 2013 734 2070; x_wconf 82' lang='grc' dir='ltr'><strong>καὶ</strong></span> <span class='ocrx_word' id='word_1_141' title='bbox 756 2009 815 2075; x_wconf 77' lang='grc' dir='ltr'><strong>ἕως</strong></span> <span class='ocrx_word' id='word_1_142' title='bbox 841 2011 979 2091; x_wconf 80' lang='grc' dir='ltr'><em>τετάρτου</em></span> <span class='ocrx_word' id='word_1_143' title='bbox 1005 2009 1112 2090; x_wconf 80' lang='grc' dir='ltr'><em>μέρους</em></span> <span class='ocrx_word' id='word_1_144' title='bbox 1125 2008 1245 2106; x_wconf 84' lang='grc' dir='ltr'><em>νμέρας.</em></span> 
     </span>
     <span class='ocr_line' id='line_1_20' title="bbox 160 2093 1245 2174; baseline -0.002 -18"><span class='ocrx_word' id='word_1_145' title='bbox 160 2094 307 2157; x_wconf 91' lang='lat' dir='ltr'><strong>Uidetur</strong></span> <span class='ocrx_word' id='word_1_146' title='bbox 345 2095 424 2156; x_wconf 90' lang='lat' dir='ltr'><strong>hinc</strong></span> <span class='ocrx_word' id='word_1_147' title='bbox 464 2094 569 2168; x_wconf 85' lang='lat' dir='ltr'><strong>effici,</strong></span> <span class='ocrx_word' id='word_1_148' title='bbox 607 2093 852 2157; x_wconf 89' lang='lat' dir='ltr'><strong>Archimedem</strong></span> <span class='ocrx_word' id='word_1_149' title='bbox 885 2098 929 2158; x_wconf 89' lang='lat' dir='ltr'><strong>de</strong></span> <span class='ocrx_word' id='word_1_150' title='bbox 967 2095 1046 2156; x_wconf 89' lang='lat' dir='ltr'><strong>anni</strong></span> <span class='ocrx_word' id='word_1_151' title='bbox 1072 2094 1245 2174; x_wconf 84' lang='lat' dir='ltr'><strong>magnitu-</strong></span> 
     </span>
     <span class='ocr_line' id='line_1_21' title="bbox 161 2178 1244 2261; baseline -0.002 -20"><span class='ocrx_word' id='word_1_152' title='bbox 161 2181 239 2241; x_wconf 90' lang='lat' dir='ltr'><strong>dine</strong></span> <span class='ocrx_word' id='word_1_153' title='bbox 275 2179 470 2242; x_wconf 88' lang='lat' dir='ltr'><strong>definienda</strong></span> <span class='ocrx_word' id='word_1_154' title='bbox 506 2179 635 2260; x_wconf 85' lang='lat' dir='ltr'><strong>egisse,</strong></span> <span class='ocrx_word' id='word_1_155' title='bbox 671 2180 801 2259; x_wconf 92' lang='lat' dir='ltr'><strong>quod</strong></span> <span class='ocrx_word' id='word_1_156' title='bbox 793 2201 912 2261; x_wconf 91' lang='lat' dir='ltr'><strong>1psum·</strong></span> <span class='ocrx_word' id='word_1_157' title='bbox 940 2190 1084 2243; x_wconf 89' lang='lat' dir='ltr'><strong>testatur</strong></span> <span class='ocrx_word' id='word_1_158' title='bbox 1110 2178 1244 2240; x_wconf 90' lang='lat' dir='ltr'><strong>Ammi-</strong></span> 
     </span>
     <span class='ocr_line' id='line_1_22' title="bbox 161 2262 1243 2338; baseline 0 -12"><span class='ocrx_word' id='word_1_159' title='bbox 161 2285 254 2335; x_wconf 81' lang='lat' dir='ltr'><strong>anus</strong></span> <span class='ocrx_word' id='word_1_160' title='bbox 283 2265 432 2327; x_wconf 90' lang='lat' dir='ltr'><strong>Marcell.</strong></span> <span class='ocrx_word' id='word_1_161' title='bbox 472 2264 617 2338; x_wconf 87' lang='lat' dir='ltr'>XXVI,</span> <span class='ocrx_word' id='word_1_162' title='bbox 656 2264 686 2338; x_wconf 91' lang='lat' dir='ltr'><strong>I,</strong></span> <span class='ocrx_word' id='word_1_163' title='bbox 723 2270 752 2328; x_wconf 90' lang='lat'><strong>8.</strong></span> <span class='ocrx_word' id='word_1_164' title='bbox 814 2265 1032 2328; x_wconf 89' lang='lat' dir='ltr'><strong>Planetarum</strong></span> <span class='ocrx_word' id='word_1_165' title='bbox 1062 2262 1243 2326; x_wconf 85' lang='lat' dir='ltr'><strong>distantias</strong></span> 
     </span>
     <span class='ocr_line' id='line_1_23' title="bbox 160 2347 1240 2430; baseline -0.001 -19"><span class='ocrx_word' id='word_1_166' title='bbox 160 2350 330 2412; x_wconf 89' lang='lat' dir='ltr'><strong>inuenisse</strong></span> <span class='ocrx_word' id='word_1_167' title='bbox 354 2349 475 2412; x_wconf 89' lang='lat' dir='ltr'><strong>dicitur</strong></span> <span class='ocrx_word' id='word_1_168' title='bbox 497 2369 518 2410; x_wconf 87' lang='lat' dir='ltr'><strong>a</strong></span> <span class='ocrx_word' id='word_1_169' title='bbox 538 2349 716 2412; x_wconf 90' lang='lat' dir='ltr'><strong>Macrobio</strong></span> <span class='ocrx_word' id='word_1_170' title='bbox 743 2353 777 2412; x_wconf 91' lang='lat' dir='ltr'><strong>in</strong></span> <span class='ocrx_word' id='word_1_171' title='bbox 800 2347 916 2414; x_wconf 88' lang='lat' dir='ltr'><strong>Somn.</strong></span> <span class='ocrx_word' id='word_1_172' title='bbox 939 2349 1029 2430; x_wconf 89' lang='lat' dir='ltr'><strong>Scip.</strong></span> <span class='ocrx_word' id='word_1_173' title='bbox 1052 2347 1094 2422; x_wconf 88' lang='lat' dir='ltr'><strong>H,</strong></span> <span class='ocrx_word' id='word_1_174' title='bbox 1119 2371 1146 2426; x_wconf 82' lang='lat'><strong>3.</strong></span> <span class='ocrx_word' id='word_1_175' title='bbox 1171 2347 1240 2410; x_wconf 82' lang='lat' dir='ltr'><strong>cfr.</strong></span> 
     </span>
     <span class='ocr_line' id='line_1_24' title="bbox 160 2433 1241 2515; baseline -0.003 -18"><span class='ocrx_word' id='word_1_176' title='bbox 160 2433 296 2499; x_wconf 89' lang='lat' dir='ltr'><strong>Solinus</strong></span> <span class='ocrx_word' id='word_1_177' title='bbox 331 2456 358 2512; x_wconf 85' lang='lat'><strong>5,</strong></span> <span class='ocrx_word' id='word_1_178' title='bbox 387 2457 439 2512; x_wconf 82' lang='lat'><strong>13:</strong></span> <span class='ocrx_word' id='word_1_179' title='bbox 474 2434 517 2495; x_wconf 95' lang='lat' dir='ltr'><strong>A.</strong></span> <span class='ocrx_word' id='word_1_180' title='bbox 552 2435 610 2514; x_wconf 92' lang='lat' dir='ltr'><strong>qui</strong></span> <span class='ocrx_word' id='word_1_181' title='bbox 643 2435 741 2496; x_wconf 84' lang='lat' dir='ltr'><strong>iuxta</strong></span> <span class='ocrx_word' id='word_1_182' title='bbox 763 2434 910 2496; x_wconf 85' lang='lat' dir='ltr'><strong>siderum</strong></span> <span class='ocrx_word' id='word_1_183' title='bbox 933 2434 1146 2515; x_wconf 88' lang='lat' dir='ltr'><strong>disciplinam</strong></span> <span class='ocrx_word' id='word_1_184' title='bbox 1168 2453 1241 2494; x_wconf 91' lang='lat' dir='ltr'><strong>ma-</strong></span> 
     </span>
     <span class='ocr_line' id='line_1_25' title="bbox 160 2517 1240 2596; baseline 0.001 -15"><span class='ocrx_word' id='word_1_185' title='bbox 160 2519 331 2582; x_wconf 91' lang='lat' dir='ltr'><strong>chinarius</strong></span> <span class='ocrx_word' id='word_1_186' title='bbox 353 2528 599 2581; x_wconf 87' lang='lat' dir='ltr'><strong>commentator</strong></span> <span class='ocrx_word' id='word_1_187' title='bbox 621 2518 698 2592; x_wconf 83' lang='lat' dir='ltr'><strong>fuit;</strong></span> <span class='ocrx_word' id='word_1_188' title='bbox 730 2519 846 2581; x_wconf 92' lang='lat' dir='ltr'><strong>Liuius</strong></span> <span class='ocrx_word' id='word_1_189' title='bbox 875 2518 1020 2592; x_wconf 88' lang='lat' dir='ltr'>XXIV,</span> <span class='ocrx_word' id='word_1_190' title='bbox 1055 2540 1111 2596; x_wconf 86' lang='lat'><strong>34,</strong></span> <span class='ocrx_word' id='word_1_191' title='bbox 1136 2539 1169 2579; x_wconf 89' lang='lat'><strong>2:</strong></span> <span class='ocrx_word' id='word_1_192' title='bbox 1193 2517 1240 2582; x_wconf 87' lang='lat' dir='ltr'><strong>A.</strong></span> 
     </span>
     <span class='ocr_line' id='line_1_26' title="bbox 160 2599 1240 2686; baseline -0.001 -21"><span class='ocrx_word' id='word_1_193' title='bbox 160 2605 277 2666; x_wconf 92' lang='lat' dir='ltr'><strong>unicus</strong></span> <span class='ocrx_word' id='word_1_194' title='bbox 300 2613 473 2684; x_wconf 89' lang='lat' dir='ltr'><strong>spectator</strong></span> <span class='ocrx_word' id='word_1_195' title='bbox 495 2604 580 2666; x_wconf 88' lang='lat' dir='ltr'><strong>caeli</strong></span> <span class='ocrx_word' id='word_1_196' title='bbox 604 2604 829 2686; x_wconf 90' lang='lat' dir='ltr'><strong>siderumque.</strong></span> <span class='ocrx_word' id='word_1_197' title='bbox 874 2604 914 2666; x_wconf 89' lang='lat' dir='ltr'><strong>In</strong></span> <span class='ocrx_word' id='word_1_198' title='bbox 924 2599 1053 2684; x_wconf 65' lang='lat' dir='ltr'><strong>‘Pappia</strong></span> <span class='ocrx_word' id='word_1_199' title='bbox 1076 2624 1109 2683; x_wconf 93' lang='lat' dir='ltr'><strong>p</strong></span> <span class='ocrx_word' id='word_1_200' title='bbox 1133 2624 1240 2680; x_wconf 79' lang='lat'>321—</span> 
     </span>
     <span class='ocr_line' id='line_1_27' title="bbox 162 2688 1239 2787; baseline 0 -37"><span class='ocrx_word' id='word_1_201' title='bbox 162 2710 199 2750; x_wconf 92' lang='lat'><strong>22</strong></span> <span class='ocrx_word' id='word_1_202' title='bbox 229 2689 394 2787; x_wconf 78' lang='lat' dir='ltr'><strong>explicat,</strong></span> <span class='ocrx_word' id='word_1_203' title='bbox 424 2709 491 2769; x_wconf 90' lang='lat' dir='ltr'><strong>quo</strong></span> <span class='ocrx_word' id='word_1_204' title='bbox 518 2689 620 2751; x_wconf 92' lang='lat' dir='ltr'><strong>modo</strong></span> <span class='ocrx_word' id='word_1_205' title='bbox 649 2689 867 2762; x_wconf 82' lang='lat' dir='ltr'><strong>diametrum,</strong></span> <span class='ocrx_word' id='word_1_206' title='bbox 898 2707 1001 2769; x_wconf 92' lang='lat' dir='ltr'><strong>quam</strong></span> <span class='ocrx_word' id='word_1_207' title='bbox 1029 2689 1079 2750; x_wconf 93' lang='lat' dir='ltr'><strong>sol</strong></span> <span class='ocrx_word' id='word_1_208' title='bbox 1108 2688 1239 2750; x_wconf 90' lang='lat' dir='ltr'><strong>habere</strong></span> 
     </span>
     <span class='ocr_line' id='line_1_28' title="bbox 159 2771 1240 2854; baseline -0.001 -19"><span class='ocrx_word' id='word_1_209' title='bbox 159 2774 325 2848; x_wconf 89' lang='lat' dir='ltr'><strong>uideatur,</strong></span> <span class='ocrx_word' id='word_1_210' title='bbox 347 2773 514 2835; x_wconf 91' lang='lat' dir='ltr'><strong>inuenerit</strong></span> <span class='ocrx_word' id='word_1_211' title='bbox 535 2773 759 2836; x_wconf 87' lang='lat' dir='ltr'><strong>instrumento</strong></span> <span class='ocrx_word' id='word_1_212' title='bbox 782 2774 826 2835; x_wconf 91' lang='lat' dir='ltr'><strong>ab</strong></span> <span class='ocrx_word' id='word_1_213' title='bbox 850 2793 887 2834; x_wconf 91' lang='lat' dir='ltr'><strong>se</strong></span> <span class='ocrx_word' id='word_1_214' title='bbox 910 2773 984 2854; x_wconf 88' lang='lat' dir='ltr'><strong>ipso</strong></span> <span class='ocrx_word' id='word_1_215' title='bbox 1007 2771 1147 2846; x_wconf 88' lang='lat' dir='ltr'><strong>effect0;</strong></span> <span class='ocrx_word' id='word_1_216' title='bbox 1171 2793 1240 2852; x_wconf 92' lang='lat' dir='ltr'><strong>quo</strong></span> 
     </span>
     <span class='ocr_line' id='line_1_29' title="bbox 159 2852 1240 2939; baseline -0.002 -21"><span class='ocrx_word' id='word_1_217' title='bbox 159 2859 331 2939; x_wconf 89' lang='lat' dir='ltr'><strong>pertinent</strong></span> <span class='ocrx_word' id='word_1_218' title='bbox 352 2858 525 2920; x_wconf 90' lang='lat' dir='ltr'><strong>Plutarchi</strong></span> <span class='ocrx_word' id='word_1_219' title='bbox 547 2852 655 2921; x_wconf 87' lang='lat' dir='ltr'><strong>uerba</strong></span> <span class='ocrx_word' id='word_1_220' title='bbox 676 2858 826 2920; x_wconf 90' lang='lat' dir='ltr'><strong>Marcell</strong></span> <span class='ocrx_word' id='word_1_221' title='bbox 855 2879 909 2936; x_wconf 82' lang='lat'><strong>19:</strong></span> <span class='ocrx_word' id='word_1_222' title='bbox 940 2867 1055 2937; x_wconf 69' lang='grc' dir='ltr'><em>γωνίας,</em></span> <span class='ocrx_word' id='word_1_223' title='bbox 1086 2880 1131 2922; x_wconf 79' lang='grc' dir='ltr'><strong>αις</strong></span> <span class='ocrx_word' id='word_1_224' title='bbox 1158 2857 1240 2935; x_wconf 84' lang='grc' dir='ltr'><em>ἐναρ-</em></span> 
     </span>
     <span class='ocr_line' id='line_1_30' title="bbox 157 2938 1240 3024; baseline 0.001 -22"><span class='ocrx_word' id='word_1_225' title='bbox 157 2946 257 3023; x_wconf 84' lang='grc' dir='ltr'><em>μόττει</em></span> <span class='ocrx_word' id='word_1_226' title='bbox 286 2945 319 3002; x_wconf 85' lang='grc' dir='ltr'><strong>τὸ</strong></span> <span class='ocrx_word' id='word_1_227' title='bbox 348 2945 398 3001; x_wconf 83' lang='grc' dir='ltr'><strong>τοῦ</strong></span> <span class='ocrx_word' id='word_1_228' title='bbox 420 2944 496 3023; x_wconf 65' lang='grc' dir='ltr'><em>ἣλιον</em></span> <span class='ocrx_word' id='word_1_229' title='bbox 521 2942 651 3022; x_wconf 72' lang='grc' dir='ltr'><em>μέγεθος</em></span> <span class='ocrx_word' id='word_1_230' title='bbox 671 2944 743 3022; x_wconf 82' lang='grc' dir='ltr'><em>πρὸς</em></span> <span class='ocrx_word' id='word_1_231' title='bbox 766 2944 815 3023; x_wconf 69' lang='grc' dir='ltr'><strong>τὴν</strong></span> <span class='ocrx_word' id='word_1_232' title='bbox 847 2938 928 3024; x_wconf 53' lang='lat' dir='ltr'><strong>ripen</strong></span> <span class='ocrx_word' id='word_1_233' title='bbox 963 2951 1013 3004; x_wconf 89' lang='lat' dir='ltr'><strong>et:</strong></span> <span class='ocrx_word' id='word_1_234' title='bbox 1036 2942 1114 3004; x_wconf 91' lang='lat' dir='ltr'><strong>Non</strong></span> <span class='ocrx_word' id='word_1_235' title='bbox 1134 2961 1240 3022; x_wconf 84' lang='lat' dir='ltr'><strong>posse</strong></span> 
     </span>
     <span class='ocr_line' id='line_1_31' title="bbox 160 3026 1240 3134; baseline -0.005 -45"><span class='ocrx_word' id='word_1_236' title='bbox 160 3027 309 3089; x_wconf 71' lang='lat' dir='ltr'><strong>Suaultel&#39;</strong></span> <span class='ocrx_word' id='word_1_237' title='bbox 337 3035 401 3089; x_wconf 68' lang='lat' dir='ltr'><strong>Cet.</strong></span> <span class='ocrx_word' id='word_1_238' title='bbox 440 3049 491 3088; x_wconf 89' lang='grc' dir='ltr'><strong>ΙΙ.</strong></span> <span class='ocrx_word' id='word_1_239' title='bbox 523 3026 561 3086; x_wconf 66' lang='lat' dir='ltr'><strong>&#39;A</strong></span> <span class='ocrx_word' id='word_1_240' title='bbox 591 3027 747 3108; x_wconf 60' lang='grc' dir='ltr'><em>ἀνευρόντα</em></span> <span class='ocrx_word' id='word_1_241' title='bbox 774 3031 809 3108; x_wconf 63' lang='grc' dir='ltr'><strong>Τῇ</strong></span> <span class='ocrx_word' id='word_1_242' title='bbox 829 3029 921 3134; x_wconf 57' lang='grc' dir='ltr'><em>γωνίᾳ</em></span> <span class='ocrx_word' id='word_1_243' title='bbox 943 3028 992 3107; x_wconf 69' lang='grc' dir='ltr'><em>τὴν</em></span> <span class='ocrx_word' id='word_1_244' title='bbox 1014 3028 1164 3107; x_wconf 66' lang='grc' dir='ltr'><em>διάμετρον</em></span> <span class='ocrx_word' id='word_1_245' title='bbox 1187 3029 1240 3084; x_wconf 73' lang='grc' dir='ltr'><strong>Τθῦ</strong></span> 
     </span>
     <span class='ocr_line' id='line_1_32' title="bbox 159 3109 1238 3214; baseline -0.003 -44"><span class='ocrx_word' id='word_1_246' title='bbox 159 3113 236 3192; x_wconf 69' lang='grc' dir='ltr'><em>ἣλιον</em></span> <span class='ocrx_word' id='word_1_247' title='bbox 259 3114 403 3214; x_wconf 72' lang='grc' dir='ltr'><em>τηλικοῦτο</em></span> <span class='ocrx_word' id='word_1_248' title='bbox 426 3115 476 3170; x_wconf 81' lang='grc' dir='ltr'><strong>τοῦ</strong></span> <span class='ocrx_word' id='word_1_249' title='bbox 495 3116 634 3190; x_wconf 72' lang='grc' dir='ltr'><em>μεγίστου</em></span> <span class='ocrx_word' id='word_1_250' title='bbox 656 3109 757 3170; x_wconf 78' lang='grc' dir='ltr'><em>κύκλου</em></span> <span class='ocrx_word' id='word_1_251' title='bbox 778 3112 868 3192; x_wconf 79' lang='grc' dir='ltr'><em>μέρος</em></span> <span class='ocrx_word' id='word_1_252' title='bbox 888 3109 986 3182; x_wconf 83' lang='grc' dir='ltr'><em>οὖσαν,</em></span> <span class='ocrx_word' id='word_1_253' title='bbox 1009 3112 1130 3192; x_wconf 64' lang='grc' dir='ltr'><em>ἣλὺιον“</em></span> <span class='ocrx_word' id='word_1_254' title='bbox 1117 3110 1238 3192; x_wconf 69' lang='grc' dir='ltr'><em>ηγιυνία</em></span> 
     </span>
     <span class='ocr_line' id='line_1_33' title="bbox 158 3191 1235 3278; baseline -0.001 -22"><span class='ocrx_word' id='word_1_255' title='bbox 158 3199 215 3256; x_wconf 83' lang='grc' dir='ltr'><em>τῶν</em></span> <span class='ocrx_word' id='word_1_256' title='bbox 245 3191 271 3252; x_wconf 79' lang='grc' dir='ltr'><strong>δ’</strong></span> <span class='ocrx_word' id='word_1_257' title='bbox 295 3195 402 3275; x_wconf 78' lang='grc' dir='ltr'><em>ὀρθῶν.</em></span> <span class='ocrx_word' id='word_1_258' title='bbox 459 3195 639 3278; x_wconf 87' lang='lat' dir='ltr'><strong>Syracusis</strong></span> <span class='ocrx_word' id='word_1_259' title='bbox 667 3196 770 3257; x_wconf 88' lang='lat' dir='ltr'><strong>etiam</strong></span> <span class='ocrx_word' id='word_1_260' title='bbox 802 3216 891 3258; x_wconf 90' lang='lat' dir='ltr'><strong>nunc</strong></span> <span class='ocrx_word' id='word_1_261' title='bbox 913 3198 1008 3258; x_wconf 91' lang='lat' dir='ltr'><strong>locus</strong></span> <span class='ocrx_word' id='word_1_262' title='bbox 1035 3195 1235 3268; x_wconf 89' lang='lat' dir='ltr'><strong>ostenditur,</strong></span> 
     </span>
     <span class='ocr_line' id='line_1_34' title="bbox 157 3278 1236 3360; baseline -0.001 -18"><span class='ocrx_word' id='word_1_263' title='bbox 157 3281 215 3342; x_wconf 91' lang='lat' dir='ltr'><strong>ubi</strong></span> <span class='ocrx_word' id='word_1_264' title='bbox 250 3278 294 3342; x_wconf 91' lang='lat' dir='ltr'><strong>A.</strong></span> <span class='ocrx_word' id='word_1_265' title='bbox 330 3280 445 3342; x_wconf 90' lang='lat' dir='ltr'><strong>sidera</strong></span> <span class='ocrx_word' id='word_1_266' title='bbox 477 3282 680 3343; x_wconf 90' lang='lat' dir='ltr'><strong>obseruasse</strong></span> <span class='ocrx_word' id='word_1_267' title='bbox 707 3281 848 3343; x_wconf 90' lang='lat' dir='ltr'><strong>dicitur.</strong></span> <span class='ocrx_word' id='word_1_268' title='bbox 907 3280 1001 3342; x_wconf 88' lang='lat' dir='ltr'><strong>Libri</strong></span> <span class='ocrx_word' id='word_1_269' title='bbox 1040 3280 1056 3340; x_wconf 92' lang='lat' dir='ltr'>I</span> <span class='ocrx_word' id='word_1_270' title='bbox 1094 3300 1127 3360; x_wconf 92' lang='lat' dir='ltr'><strong>p.</strong></span> <span class='ocrx_word' id='word_1_271' title='bbox 1164 3301 1236 3356; x_wconf 88' lang='lat'><strong>²05·</strong></span> 
     </span>
    </p>
   </div>
   <div class='ocr_carea' id='block_1_7' title="bbox 181 3537 1235 3775">
    <p class='ocr_par' dir='ltr' id='par_1_7' title="bbox 181 3537 1235 3775">
     <span class='ocr_line' id='line_1_35' title="bbox 181 3537 1234 3608; baseline -0.005 -13"><span class='ocrx_word' id='word_1_272' title='bbox 181 3537 209 3604; x_wconf 74' lang='lat'><strong>¹⁸)</strong></span> <span class='ocrx_word' id='word_1_273' title='bbox 228 3539 281 3600; x_wconf 79' lang='grc' dir='ltr'><strong>οὐκ</strong></span> <span class='ocrx_word' id='word_1_274' title='bbox 301 3541 460 3608; x_wconf 64' lang='lat' dir='ltr'><strong>dualitatem</strong></span> <span class='ocrx_word' id='word_1_275' title='bbox 477 3540 534 3593; x_wconf 87' lang='lat' dir='ltr'><strong>hoc</strong></span> <span class='ocrx_word' id='word_1_276' title='bbox 552 3539 619 3593; x_wconf 88' lang='lat' dir='ltr'><strong>loco</strong></span> <span class='ocrx_word' id='word_1_277' title='bbox 633 3539 785 3593; x_wconf 82' lang='lat' dir='ltr'><strong>idemi&#39;ere</strong></span> <span class='ocrx_word' id='word_1_278' title='bbox 805 3537 974 3608; x_wconf 84' lang='lat' dir='ltr'><strong>significare</strong></span> <span class='ocrx_word' id='word_1_279' title='bbox 993 3537 1121 3602; x_wconf 88' lang='lat' dir='ltr'><strong>uidetur,</strong></span> <span class='ocrx_word' id='word_1_280' title='bbox 1141 3537 1234 3605; x_wconf 92' lang='lat' dir='ltr'><strong>quod:</strong></span> 
     </span>
     <span class='ocr_line' id='line_1_36' title="bbox 225 3621 1235 3704; baseline 0.002 -30"><span class='ocrx_word' id='word_1_281' title='bbox 225 3621 361 3676; x_wconf 84' lang='lat' dir='ltr'><strong>dubitare</strong></span> <span class='ocrx_word' id='word_1_282' title='bbox 372 3639 419 3675; x_wconf 85' lang='lat' dir='ltr'><strong>an.</strong></span> <span class='ocrx_word' id='word_1_283' title='bbox 444 3621 685 3690; x_wconf 86' lang='lat' dir='ltr'><strong>Insequentibus</strong></span> <span class='ocrx_word' id='word_1_284' title='bbox 695 3621 787 3676; x_wconf 79' lang='lat' dir='ltr'><strong>uerba</strong></span> <span class='ocrx_word' id='word_1_285' title='bbox 807 3623 839 3682; x_wconf 75' lang='grc' dir='ltr'><strong>ἐν</strong></span> <span class='ocrx_word' id='word_1_286' title='bbox 859 3633 902 3703; x_wconf 65' lang='grc' dir='ltr'><strong>τῷ</strong></span> <span class='ocrx_word' id='word_1_287' title='bbox 924 3627 1102 3704; x_wconf 62' lang='grc' dir='ltr'><em>συλλογισμῷ</em></span> <span class='ocrx_word' id='word_1_288' title='bbox 1124 3621 1162 3674; x_wconf 83' lang='lat' dir='ltr'><strong>ad</strong></span> <span class='ocrx_word' id='word_1_289' title='bbox 1179 3622 1235 3676; x_wconf 90' lang='lat' dir='ltr'><strong>Ar·</strong></span> 
     </span>
     <span class='ocr_line' id='line_1_37' title="bbox 225 3705 660 3775; baseline 0.005 -16"><span class='ocrx_word' id='word_1_290' title='bbox 225 3705 392 3760; x_wconf 86' lang='lat' dir='ltr'><strong>chimedem</strong></span> <span class='ocrx_word' id='word_1_291' title='bbox 410 3705 562 3775; x_wconf 84' lang='lat' dir='ltr'><strong>pertinere</strong></span> <span class='ocrx_word' id='word_1_292' title='bbox 580 3713 660 3775; x_wconf 90' lang='lat' dir='ltr'><strong>puto.</strong></span> 
     </span>
    </p>
   </div>
   <div class='ocr_carea' id='block_1_8' title="bbox 565 4002 820 4011">
    <p class='ocr_par' dir='ltr' id='par_1_8' title="bbox 565 4002 820 4011">
     <span class='ocr_line' id='line_1_38' title="bbox 565 4002 820 4011; baseline 0.008 -3"><span class='ocrx_word' id='word_1_293' title='bbox 565 4002 820 4011; x_wconf 45' lang='lat'><strong>*—</strong></span> 
     </span>
    </p>
   </div>
   <div class='ocr_carea' id='block_1_9' title="bbox 0 0 1380 4594">
    <p class='ocr_par' dir='ltr' id='par_1_9' title="bbox 0 0 1380 4594">
     <span class='ocr_line' id='line_1_39' title="bbox 0 0 1380 4594; baseline 0 0"><span class='ocrx_word' id='word_1_294' title='bbox 0 0 1380 4594; x_wconf 95' lang='lat' dir='ltr'><strong> </strong></span> 
     </span>
    </p>
   </div>
  </div>
 </body>
</html>
