2714 4570
682 265 741 323 116

182 488 239 585 s
269 529 321 566 οτι·
366 502 414 611 J
443 530 496 567 οτι·
538 503 580 594 Os
610 520 662 557 οτι·
685 495 751 557 ὅλον
774 497 807 557 δὲ
830 495 986 580 ἐτύγχανεν
1007 496 1037 557 ὂν
1057 495 1126 557 ἄνευ
1141 517 1252 578 προσῳ-

169 656 238 715 ’διῶν
260 657 287 716 εἶ
304 655 344 737 μὴ
366 655 396 716 ἐν
419 657 524 736 ὀλίγοις
543 657 630 740 χάριν
653 657 803 737 διαφορᾶς.

257 763 400 827 Codex
424 764 647 826 Parisinus
671 770 769 842 2361
802 763 859 846 (C),
883 763 1101 838 chartaceuS,
1131 763 1255 826 Fonte-

168 872 386 965 blandensis‚
417 893 485 954 quo
512 881 650 953 praeter
670 892 784 960 opera
812 869 1029 934 Archimedis
1057 882 1092 933 et
1121 871 1256 934 Eutocii

172 1000 276 1061 supra
299 989 565 1042 commemorata
587 979 778 1041 continetur
800 978 949 1040 Heronis
977 978 1065 1041 liber
1087 980 1132 1040 de
1161 999 1255 1041 men·

173 1088 270 1160 suris,
293 1097 473 1168 praeterea
496 1087 610 1168 capita
632 1088 708 1160 du0,
732 1087 776 1148 de
806 1086 1013 1166 ponderibus
1036 1095 1072 1148 et
1093 1088 1138 1148 de
1160 1106 1256 1149 men-

170 1195 271 1269 suris;
311 1195 538 1276 praemittitur
572 1195 679 1256 index
716 1191 869 1257 Graecus
903 1213 1006 1255 manu
1040 1192 1257 1258 Constantini

168 1301 468 1384 Palaeocappae*)
491 1312 526 1365 et
547 1302 653 1364 index
666 1301 810 1390 ¹Latinus
826 1320 931 1362 manu
941 1299 1073 1363 Auveri
1096 1302 1254 1383 scriptus,

169 1408 266 1471 Folio
299 1429 401 1472 uerso
437 1410 597 1492 leguntur
633 1429 753 1472 uersus
789 1408 965 1471 Claudiani
998 1409 1034 1470 in
1070 1409 1255 1489 sphaeram

168 1515 387 1581 Archimedis
420 1538 523 1579 manu
557 1515 699 1598 Georgii
728 1516 953 1598 Armagniaci
982 1516 1161 1597 descripti,
1196 1517 1256 1598 qui

170 1625 295 1688 deinde
323 1625 409 1687 haec
440 1626 536 1687 addit
564 1625 605 1704 (u.
637 1625 805 1687 Torellius
833 1644 866 1704 p.
894 1622 1068 1693 HI-IVtz
1100 1623 1255 1686 »Necte

169 1730 332 1805 offendat,
367 1733 517 1795 studiose
549 1733 670 1805 lector,
704 1733 794 1795 hunc
826 1731 1018 1793 Authorem
1042 1731 1127 1793 citra
1149 1734 1256 1795 ullam

171 1839 277 1920 ipsius
308 1840 637 1902 commendationem
665 1849 724 1900 aut
752 1838 990 1921 praefationem
1024 1838 1175 1920 aliquam
1205 1841 1255 1902 vi-

172 1948 272 2018 dere:
296 1948 344 2009 ita
373 1947 484 2028 prima
504 1946 577 2009 folii
602 1946 708 2008 facies
736 1947 771 2008 in
792 1947 903 2009 veteri
931 1946 1129 2026 exemplari,
1161 1949 1256 2010 unde

169 2055 236 2116 hoc
259 2055 467 2134 descriptum
489 2063 550 2129 est,
568 2063 739 2117 vetustate
760 2063 961 2135 consumpta
982 2062 1017 2115 et
1039 2053 1168 2115 extrita
1180 2053 1255 2130 fuit,

168 2171 206 2223 ut
228 2181 271 2222 ne
294 2160 513 2224 Archimedis
536 2162 674 2243 quidem
690 2181 815 2223 nomen
837 2162 979 2242 agnosci
1000 2160 1164 2242 potuerit:
1187 2182 1256 2224 nec

169 2277 245 2330 tum
275 2269 367 2331 aliud
394 2269 531 2331 Romae
558 2270 721 2343 restabat,
751 2289 819 2349 quo
848 2269 980 2331 restitui
1009 2269 1074 2330 hoc
1097 2270 1256 2349 πρόσωπον
1300 2335 1304 2340 ,

167 2386 292 2456 posset.
338 2376 486 2439 Carebat
508 2378 543 2438 in
565 2377 760 2438 universum
792 2386 827 2440 et
854 2376 992 2457 spiritus
1023 2384 1058 2437 et
1088 2386 1256 2439 accentus

168 2484 260 2545 omni
290 2493 388 2557 nota;
418 2483 556 2564 reliquis
589 2484 743 2565 partibus
772 2483 943 2564 integrum
976 2492 1011 2545 et
1044 2483 1255 2558 absolutum,

166 2590 232 2653 nisi
265 2593 357 2672 quod
391 2591 504 2672 ἦρονος
540 2592 584 2653 de
624 2591 790 2654 mensuris
829 2589 991 2670 postremi
1023 2588 1094 2650 folii
1129 2609 1255 2652 secun-
1355 2593 1356 2598 ’

170 2699 215 2759 da
253 2699 382 2780 pagina
415 2699 535 2760 itidem
569 2706 607 2759 ut
639 2695 858 2759 Archimedis
891 2696 1028 2776 penitus
1068 2696 1257 2759 obliterata

167 2804 277 2867 fuerit.
323 2804 400 2886 Quo
428 2813 545 2866 tamen
573 2805 866 2867 commendatione
894 2802 1062 2884 ejusmodi
1083 2801 1255 2866 Authoris

168 2912 273 2973 etiam
316 2911 429 2976 Gallia
460 2912 662 2985 laetaretur,
695 2912 799 2973 malui
831 2910 944 2992 potius
977 2929 1114 2990 quoquo
1148 2913 1256 2974 modo

167 3020 241 3100 ejus
262 3020 324 3082 tibi
347 3019 481 3100 copiam
503 3038 580 3080 meo
603 3026 739 3098 sumptu
761 3017 843 3091 fieri,
867 3036 970 3098 quarn
988 3017 1255 3080 Mathematices

168 3125 377 3188 amatoribus
399 3126 434 3187 in
455 3126 521 3188 hac
540 3135 637 3207 parte
656 3145 734 3186 mea
751 3125 851 3206 culpa
868 3123 976 3185 videri
987 3125 1251 3206 negligentior«
1355 3145 1356 3198 j

253 3234 293 3295 In
322 3232 390 3295 fine
417 3233 543 3295 codicis
570 3233 727 3294 librarius
763 3232 849 3293 haec
883 3230 992 3292 uerba
1024 3232 1136 3294 addit:
1173 3233 1258 3298 τέλος

167 3341 293 3422 ἐπέθηκε
315 3339 408 3421 τούτῳ
432 3347 474 3420 τῷ
497 3341 671 3419 συντάγματι
695 3339 894 3422 χριστοφόρος
919 3340 935 3396 ὁ
964 3337 1087 3419 donabor
1106 3339 1257 3420 γεγνμανὺς

170 3453 205 3528 τῇ
227 3447 327 3529 πρώτῃ
350 3447 444 3530 ἡμέρᾳ
467 3449 517 3504 τοῦ
525 3449 670 3529 χιλιοστοῦ
693 3446 991 3520 πεντακοσιοστοῦκοιλ
1010 3449 1252 3526 τεσσαρακοστοῦ

145 3556 317 3634 ’τετάρτοο
377 3553 560 3633 Δοπανὴματι
596 3556 646 3612 τοῦ
680 3552 895 3626 εὐσεβεστάτου
914 3555 985 3611 ,τῶν
1014 3545 1165 3632 ῥοοθένων
1194 3551 1251 3610 ἐπι-

167 3663 275 3722 σκόπου
296 3663 438 3742 γεωργίοο
460 3659 655 3740 ἀρμαγνιοικοῦ
685 3660 751 3717 τότε
780 3659 852 3740 πρὸς
877 3657 982 3718 πἀῦλον
1013 3658 1060 3716 τὸν
1083 3658 1177 3737 τρίτον
1200 3662 1254 3738 τῆς

189 3893 216 3963 *)
235 3893 310 3946 Erat
345 3892 591 3949 bibliothecarius
627 3893 944 3964 Fonteblandinensis;
986 3893 1140 3960 catalogus
1177 3909 1247 3946 mss.

235 3982 418 4038 Graecorum
435 3985 524 4038 huius
541 3985 742 4040 bibliothecae
761 3985 799 4039 ab
818 4003 853 4039 eo
879 3986 1033 4038 confectus
1052 3982 1144 4037 etiam
1163 4000 1246 4037 nunc

237 4079 336 4128 exstat
355 4073 462 4138 (Catal.
482 4072 565 4126 codd.
584 4072 671 4140 impr.
690 4072 762 4127 bibl.
781 4089 844 4141 reg.
862 4073 923 4142 I-p.
943 4071 1020 4139 XV).
