2750 4594
681 296 720 353 26

161 495 342 557 uariorum.
397 494 501 556 Plura
530 513 561 554 u.
585 492 682 556 infra.
727 492 882 568 Constat,
906 494 1090 574 antiquitus
1113 496 1241 556 clarum

161 601 267 664 fuisse
289 601 508 664 Archimedis
538 603 690 681 πρόβλημα
716 602 832 676 βοεικόν
856 604 900 682 2),
923 622 987 664 nec
1009 611 1070 675 est,
1094 620 1153 664 cur
1174 601 1242 663 Ar·

161 709 310 771 chimedi
331 710 397 770 hoc
420 708 633 789 epigramma
661 708 901 771 abiudicemus.
954 709 1043 770 Nam
1064 708 1242 777 usitatissi-

102 871 110 884 ,
163 835 254 877 mum
283 826 357 878 erat
386 815 532 896 antiquis
554 814 803 878 mathematicis
838 817 1051 897 problemata
1073 816 1243 896 epigram-

161 924 263 985 matis
294 942 503 1008 proponere;
533 923 632 1002 plura
661 922 733 984 eius
755 924 893 1003 generis
916 925 1127 1005 collegerunt
1148 922 1244 984 Heil-

160 1031 327 1092 bronner:
351 1029 439 1092 Hist.
463 1031 567 1091 math.
580 1051 612 1112 p.
632 1034 693 1108 843
718 1049 766 1110 sq.
791 1041 826 1092 et
837 1029 1031 1093 ‘Bachetus2
1054 1029 1245 1111 Diophanti

163 1157 216 1218 op.
251 1158 274 1219 p
319 1159 380 1215 349
418 1158 483 1218 sq.;
515 1139 728 1219 epigramma
762 1139 831 1199 tale
863 1136 1096 1200 Eratosthenis
1130 1146 1245 1200 exstat

163 1246 255 1324 apud
277 1245 454 1307 Eutocium
477 1244 605 1308 Comm.
640 1245 673 1305 in
703 1244 778 1306 libr.
813 1244 847 1305 II
880 1246 923 1308 de
946 1247 1093 1327 sphaera
1121 1254 1155 1307 et
1178 1245 1244 1326 cyl.

162 1373 194 1434 p.
223 1356 290 1429 146,
314 1351 503 1433 Diophanti
519 1352 553 1413 in
569 1353 641 1414 eius
663 1351 844 1414 Arithmet.
869 1351 911 1426 V,
930 1374 969 1431 33
984 1373 1016 1433 p.
1030 1373 1100 1430 345.
1142 1350 1243 1432 Quod

124 1469 132 1548 Ἰ
163 1458 287 1534 ionice,
307 1479 375 1521 non
387 1458 512 1521 Dorice
525 1459 687 1542 scriptum
710 1469 770 1533 est,
793 1458 968 1522 offendere
992 1463 1060 1521 non
1082 1461 1195 1532 debet,
1213 1458 1242 1519 si

163 1566 386 1640 meminimus,
400 1563 552 1628 Graecos
571 1587 707 1648 semper
728 1567 793 1628 hac
816 1567 961 1630 dialecto
983 1567 1017 1628 in
1036 1566 1242 1630 carminibus

164 1672 270 1753 epicis
304 1683 338 1733 et
372 1672 535 1754 elegiacis
566 1693 646 1736 usos
684 1694 769 1736 esse.
824 1675 879 1736 De
912 1674 1130 1738 Archimedis
1163 1692 1242 1735 cum

162 1779 409 1842 Alexandrinis
431 1781 679 1843 mathematicis
707 1781 948 1843 consuetudine
971 1802 1002 1845 u.
1025 1802 1057 1863 p.
1079 1803 1097 1859 9
1119 1790 1187 1843 not.
1212 1803 1242 1856 4.
1326 1851 1330 1860 ,

163 1885 216 1948 Ne
244 1887 308 1950 hoc
340 1865 477 1968 quidem
507 1888 654 1950 dubitari
676 1899 797 1970 potest,
822 1889 902 1970 quin
924 1889 1151 1951 Archimedes
1172 1889 1243 1950 tale

163 1996 339 2074 problema
362 1997 494 2058 soluere
517 1996 680 2077 potuerit;
712 1996 835 2058 scimus
865 1997 968 2071 enirn,
1000 2017 1077 2058 eum
1110 1998 1153 2058 de
1182 2016 1244 2066 nu-

162 2102 266 2163 meris
298 2103 497 2184 permagnis
530 2103 790 2165 denominandis
824 2105 937 2185 egisse
971 2113 1004 2166 et
1037 2103 1173 2166 omnino
1206 2103 1244 2164 in

164 2208 384 2271 arithmeticis
407 2211 675 2271 uersatissimum
702 2211 805 2272 luisse
840 2210 909 2290 (cfr.
944 2211 987 2272 de
1020 2211 1084 2273 hac
1106 2230 1144 2272 re
1167 2230 1243 2291 cap.

163 2315 234 2397 IV).
279 2315 398 2397 Itaque
418 2318 571 2379 conuicia
588 2318 800 2382 Struuiorum
823 2328 857 2380 et
879 2317 1117 2381 Nesselmanni
1139 2316 1246 2398 missa

163 2422 329 2485 faciamus
351 2434 386 2486 et
408 2425 495 2486 inter
517 2444 622 2504 opera
644 2424 861 2487 Archimedis
891 2425 1043 2506 genuina
1070 2425 1135 2487 hoc
1164 2443 1244 2504 pro-

164 2531 279 2592 blema
301 2529 498 2594 referamus.

253 2659 279 2699 1.
335 2638 399 2700 Zur
432 2636 555 2701 Gesch.
587 2641 618 2701 d.
641 2639 780 2701 Literat.
811 2638 881 2719 Ip.
906 2659 966 2715 423
996 2639 1061 2720 (op.
1084 2636 1174 2699 XIV
1208 2657 1244 2717 p.

166 2743 224 2798 232
251 2742 299 2802 sq.
323 2723 378 2784 IX
399 2743 431 2804 p.
457 2745 516 2802 293
541 2725 594 2786 ed.
617 2724 766 2804 Lachm.)
790 2743 809 2784 e
832 2723 948 2786 codice
971 2720 1246 2804 Guelferbytano

164 2826 240 2867 cum
263 2805 396 2870 Graeco
419 2809 562 2882 scholio;
592 2810 709 2870 addita
738 2818 791 2869 est
813 2806 848 2871 C.
872 2807 1028 2870 Leistii
1058 2808 1246 2889 disputatio

162 2891 412 2955 mathematica.
457 2892 657 2956 Archimedi
680 2892 877 2955 abiudicant
898 2893 923 2954 I.
946 2902 982 2954 et
1003 2893 1049 2955 K.
1062 2892 1100 2954 L.
1121 2891 1248 2955 Stru-

163 2975 239 3038 uii:
263 2975 363 3038 Altes
402 2976 530 3058 griech.
564 2978 729 3060 Epigram
761 2977 1068 3048 mathematischen
1101 2976 1244 3040 Inhalts.

163 3059 294 3122 Altona
330 3067 418 3126 1821.
443 3067 471 3124 8.
527 3061 719 3126 Genuinum
750 3083 827 3124 esse
850 3062 1004 3124 defendit
1059 3060 1100 3124 G.
1134 3061 1247 3124 Her-

163 3164 302 3207 mann:
325 3147 380 3208 De
391 3146 609 3209 Archimedis
632 3149 845 3229 problemata
866 3147 1001 3209 bovino
1037 3146 1129 3227 Lips.
1153 3151 1244 3210 1828.

163 3251 198 3306 43
216 3230 245 3292 is
264 3233 520 3294 emendationes
542 3234 724 3295 admodum
747 3234 867 3296 dubias
889 3231 1048 3312 proponit
1069 3232 1178 3294 necin
1191 3250 1246 3292 so·

162 3315 287 3377 luendo
310 3318 521 3396 problemate
544 3318 627 3380 satis
645 3318 729 3381 felix
749 3328 818 3390 est;
842 3317 900 3380 cfr.
914 3316 1059 3378 Wurm
1080 3317 1115 3377 in
1137 3317 1246 3396 Jahns

162 3399 375 3477 Jahrbiicher
396 3401 486 3464 XIV
510 3423 542 3482 p.
570 3425 629 3481 194
651 3424 700 3484 sq.
746 3402 947 3482 (Hermanni
969 3400 1074 3464 editio
1096 3401 1246 3482 repetita

164 3493 216 3544 est
228 3484 263 3546 in
275 3483 399 3566 Opusc.
413 3486 464 3547 IV
475 3507 506 3568 p.
527 3493 587 3548 228
612 3509 660 3569 sq.
675 3487 742 3550 Cir.
765 3487 871 3567 praef.
895 3508 927 3569 p.
939 3485 1104 3567 ffl-IV).
1149 3484 1245 3548 Stru-

163 3567 226 3629 uiis
249 3571 438 3633 adsentitur
460 3571 755 3634 Nesselmann:
779 3572 937 3653 Algebra
960 3574 990 3634 d.
1016 3568 1187 3633 Griechen
1208 3591 1243 3651 p.

164 3657 222 3728 481
250 3675 317 3734 sq„
350 3654 549 3719 futilissimis
582 3659 673 3720 nisus
701 3658 919 3738 argumentis
975 3656 1158 3718 Problema
1179 3656 1245 3716 sal-

163 3746 233 3798 tem
266 3740 301 3801 in
335 3741 582 3823 epigrammate
615 3743 826 3823 propositum
861 3741 1061 3804 Archimedi
1094 3740 1245 3802 uindicat

163 3821 281 3885 Libri
303 3845 335 3905 p.
351 3832 437 3890 ·206.
496 3826 540 3889 Et
572 3847 655 3890 sane
687 3826 761 3888 fieri
793 3836 920 3907 potest,
954 3836 991 3888 ut
1024 3826 1089 3906 ipsi
1122 3844 1244 3888 uersus

161 3906 380 3972 Archimedis
402 3932 470 3974 non
493 3912 574 3986 sint,
605 3913 668 3974 sed
697 3911 885 3992 posteriore
916 3922 1071 3992 tempore
1094 3909 1176 3972 facti
1199 3911 1244 3971 ad

163 3992 415 4057 similitudinem
437 3998 577 4078 genuini
600 3998 671 4059 eius
695 3995 965 4077 epigrammatis
1001 3997 1092 4074 quod
1115 3995 1149 4056 in
1173 3994 1245 4074 epi·

164 4079 250 4140 stola
271 4079 488 4143 Eratostheni
510 4083 614 4143 missa
635 4089 859 4163 proposuerat
882 4081 928 4160 (in
951 4081 1049 4142 titulo
1074 4080 1244 4161 epigram-

163 4165 264 4226 matis
285 4166 393 4228 uerba
415 4165 444 4223 ἐν
467 4165 673 4246 ἐπημάμμασιν
697 4165 868 4246 pertinent
883 4167 928 4227 ad
948 4165 1104 4234 ἀπέστειλε,
1128 4183 1244 4244 quarn·
