2750 4594
642 303 681 376 63

216 503 275 565 De
297 501 445 584 Lagny
468 500 660 580 (Memoires
679 502 722 564 de
734 501 849 565 l’acad.
866 503 934 563 'des
946 501 1098 564 sciences
1116 523 1194 581 1723

127 633 163 694 p.
202 613 337 692 55—69)
370 611 458 672 hanc
488 609 653 671 rationem
685 609 873 691 proposuit:
908 609 936 671 si
968 607 1042 672 fieri
1074 620 1199 691 posset,

124 731 167 783 ut
182 741 192 790 ι-
203 742 220 798 3
234 740 296 801 per
306 718 505 780 fractionem
522 719 623 798 plane
636 719 892 799 exprimeretur,
905 739 947 781 ea
968 717 1088 781 fractio
1102 719 1201 781 cade·

126 839 184 892 ret
196 829 284 890 inter
300 850 310 888 1
327 837 362 889 et
385 848 413 901 2,
428 826 565 906 eiusque
589 827 812 888 numeratoris
834 827 1036 907 quadratum
1060 827 1202 906 aequale

128 936 256 1019 triplici
282 937 448 1016 quadrato
477 934 739 996 denominatoris
768 944 874 1008 esset;
905 937 996 1016 quod
1026 955 1101 997 cum
1131 933 1203 996 fieri

130 1053 290 1125 nequeat,
315 1044 381 1104 duo
403 1042 534 1103 numeri
561 1042 633 1104 eius
661 1043 753 1103 modi
776 1043 973 1123 quaerendi,
1002 1052 1039 1104 ut
1062 1044 1205 1124 quadra-

131 1162 204 1215 tum
238 1150 374 1212 maioris
408 1170 429 1211 a
460 1150 582 1232 triplici
615 1152 780 1231 quadrato
813 1151 950 1213 minoris
980 1172 1081 1233 quam
1111 1152 1207 1212 mini·

136 1280 224 1322 mum
256 1259 366 1331 distet,
396 1278 472 1320 cum
500 1266 558 1318 aut
586 1259 693 1320 maius
727 1269 784 1321 aut
813 1260 923 1323 minus
953 1281 994 1322 eo
1022 1261 1081 1334 sit;
1115 1261 1206 1321 unde

138 1368 286 1430 oriuntur
308 1365 413 1428 series
435 1366 523 1427 duae
545 1364 760 1441 fractionum,
789 1387 930 1448 quarum
959 1368 1051 1449 prior
1072 1366 1207 1430 fractio·

136 1495 195 1537 nes
229 1474 343 1555 paullo
376 1473 521 1536 maiores
554 1493 656 1554 quam
692 1494 740 1552 13,
774 1476 881 1536 altera
912 1476 1026 1557 paullo
1060 1475 1209 1537 minores

139 1634 301 1696 continet:
343 1603 368 1745 ξ
391 1631 480 1712 (nam
504 1631 592 1691 2²-
606 1637 675 1709 3><
699 1635 823 1714 1=1)‚
847 1604 872 1763 Ξ
896 1632 985 1713 (nam
1010 1633 1044 1714 72
1066 1669 1108 1678 ,,
1132 1656 1150 1712 3
1171 1638 1205 1707 ><

561 1809 578 1866 5
643 1811 679 1868 19
733 1811 768 1870 71

463 1889 469 1914 ,
560 1877 604 1968 Ξ,
638 1878 693 1954 ἦ,
731 1879 774 1971 4-1
807 1853 883 1906 cett.
944 1843 1094 1926 Quarum
1135 1863 1212 1925 pro·

136 2002 353 2083 gressionum
376 1998 469 2080 (quas
497 2018 558 2060 nos
587 2018 650 2079 per
678 1999 859 2064 fractiones
888 2004 1064 2065 continuas
1086 2002 1212 2083 reperi·

135 2109 263 2189 remus)
286 2107 475 2188 proprietas
498 2125 540 2167 ea
562 2116 622 2180 est,
644 2118 682 2170 ut
704 2120 935 2174 numeratores
954 2112 1077 2192 singuli
1089 2129 1212 2190 aequa-

135 2217 189 2278 les
214 2215 281 2276 sint
303 2214 426 2296 duplici
448 2215 652 2276 numeratori
674 2220 892 2296 praecedenti
916 2232 951 2288 -Ι-
965 2220 1087 2300 triplici
1110 2220 1212 2280 deno-

137 2323 298 2385 minatori
313 2320 541 2405 praecedenti,
565 2323 836 2418 denominatores
856 2355 891 2380 =
908 2328 1031 2408 duplici
1044 2327 1211 2389 denomin.

138 2430 349 2512 praecede}
370 2429 572 2491 nominatori
593 2434 749 2510 praeced.
773 2432 992 2497 Seruatahac
1004 2435 1212 2517 proprietate

139 2540 203 2601 has
226 2536 332 2599 series
356 2535 557 2599 efficiemus:
593 2577 597 2584 -

143 2667 158 2706 2
225 2666 241 2726 7
295 2650 333 2706 26
379 2667 416 2726 97
464 2653 522 2726 362
580 2667 654 2724 2352
767 2719 768 2724 1

141 2736 184 2834 J’
224 2735 259 2826 r
298 2745 344 2826 5
378 2735 429 2826 52
465 2735 541 2828 {cr
575 2735 659 2829 ’526
684 2706 718 2759 et

141 2875 176 3037 ἓ,
213 2879 264 3024 ἐξ,
299 2877 350 3040 {i'
387 2863 463 3041 ῙΞΞ,
498 2862 576 3042 ἐξ,
613 2865 712 3041 Ξ-(ἓή
746 2909 866 2990 prioris
901 2909 1062 2972 terminus
1096 2919 1218 2972 sextus

146 3080 178 3132 et
202 3070 397 3150 posterioris
421 3080 560 3151 quartus
582 3070 712 3132 numeri
734 3069 950 3132 Archimedis
973 3079 1058 3132 sunt.
1116 3075 1126 3085 '

233 3175 304 3240 Sed
325 3179 410 3240 haec
440 3179 525 3269 ratio
553 3180 597 3240 ab
628 3179 766 3259 antiqua
795 3177 1005 3239 arithmetica
1034 3177 1132 3239 nimis
1161 3178 1219 3238 ab·

148 3336 286 3398 horrere
308 3336 449 3410 uidetur,
472 3355 583 3417 neque
605 3336 822 3418 intellegitur,
847 3355 905 3397 cur
945 3305 1028 3379 1-3-53
1063 3354 1174 3415 sump-
1248 3375 1250 3378 -

957 3392 1018 3465 780

149 3547 231 3608 serit
252 3544 478 3608 Archimedes
501 3566 562 3625 pro
585 3517 627 3590 27-
655 3547 724 3620 uel,
755 3545 783 3609 si
810 3565 967 3608 numeros
996 3545 1097 3607 trium
1125 3544 1222 3606 cifro·

588 3601 626 3675 56

148 3775 225 3818 rum
240 3756 407 3835 praetulit,
432 3708 510 3885 Ξ-Ξὲ.
555 3755 631 3819 Hoc
661 3756 752 3819 idem
779 3765 896 3818 contra
925 3756 1103 3818 methodos
1134 3754 1224 3817 infra

150 3913 326 3994 expositas
348 3913 414 3976 dici
440 3923 561 3995 potest.

236 4009 479 4083 Molliveide
503 4021 722 4085 Commentat.
746 4023 939 4084 mathemat.
963 4022 1076 4102 philol.
1112 4021 1223 4103 ¹(Lips

156 4130 248 4210 2823)
277 4149 309 4209 p.
335 4149 475 4209 73—77;
506 4129 573 4210 (cfr.
603 4127 775 4210 Goetting.
801 4130 944 4210 gelehrt.
975 4127 1060 4191 Anz.
1089 4133 1167 4191 1808
1190 4139 1223 4210 p.

154 4237 291 4316 49-52)
313 4237 510 4300 methodum
532 4238 704 4318 exposuit,
735 4257 822 4318 quae
853 4238 898 4299 ad
919 4246 1072 4298 ueterum
1095 4237 1225 4316 praeci-
