2750 4594
700 287 738 342 32

183 469 235 527 τὰν
264 469 473 548 κατονομασίαν
507 467 631 550 ἐχόντων
666 453 897 548 ὑπερβάλλὸντας
922 476 964 549 τῷ
997 467 1096 548 πλήθει
1129 468 1177 526 τὸν
1210 471 1264 527 τοῦ

183 577 311 656 ψάμμου.
356 573 453 636 Idem
475 591 561 655 opus
591 595 623 656 p.
655 596 717 652 319
744 585 861 637 uocat:
890 577 926 634 τὰ
948 575 1010 633 ποτὶ
1039 573 1193 648 Ζεύξιππον
1216 597 1265 655 γε·

185 681 352 763 γραμμένα;
375 683 452 743 libri
475 700 642 744 summam
663 681 788 761 repetit
810 703 841 763 p.
866 704 904 760 32
910 686 1023 760 5—26.

272 790 442 868 Ἐρόδιονε
467 791 559 870 apud
581 789 721 853 Suidam
743 811 775 870 p.
800 811 872 868 495,
895 813 905 850 1
934 791 986 851 ed.
1009 789 1151 850 Bekker
1171 788 1265 851 The-

182 896 321 958 odosius
343 896 602 958 mathematicus
624 899 734 959 clarus
751 898 894 959 traditur
916 897 1091 976 scripsisse
1115 897 1266 978 ὑπόμνημα

184 1007 224 1068 εἰς
241 1005 273 1062 τὸ
285 1000 474 1086 Ἀρχιμήδους
483 1004 607 1084 ἐφόδιον.
635 1003 796 1066 Riualtus
806 1005 885 1066 hinc
897 1002 1004 1085 fingit,
1017 1003 1265 1066 Archimedem

181 1111 455 1192 singularilibro
477 1099 541 1173 iter
558 1131 653 1172 suurn
667 1111 701 1172 in
712 1111 915 1194 Aegyptum
938 1111 1176 1193 descripsisse3
1199 1111 1265 1173 sed

181 1237 295 1298 neque
318 1217 432 1296 ἐφόδιον
455 1219 519 1281 hoc
542 1238 643 1280 sensu
666 1219 775 1300 accipi
804 1227 918 1299 potest
944 1239 1056 1298 neque
1085 1219 1167 1280 talia
1196 1217 1265 1279 Ar-

181 1325 357 1387 chimedes
380 1326 570 1406 scripsisset
599 1334 656 1387 aut
683 1324 896 1388 Theodosius
919 1325 1168 1388 commentariis
1191 1326 1265 1386 illu-

183 1441 333 1494 strasset.
389 1432 508 1494 Potius
542 1433 760 1508 crediderim,
795 1434 909 1514 ἐφόδιον
939 1454 1015 1495 esse
1036 1434 1160 1494 librum
1193 1453 1265 1494 me·

179 1539 277 1600 thodi
300 1539 561 1601 mathematicae
580 1541 755 1602 scientiam
774 1543 1065 1622 complectentem,
1082 1539 1155 1602 fere
1175 1541 1264 1601 eius·

181 1647 262 1708 dem
296 1647 448 1727 generis,
483 1648 577 1710 cuius
616 1658 689 1710 erat
729 1649 894 1729 φευδαρίων
927 1648 1076 1710 Euclidis
1110 1647 1264 1726 (Proclus

180 1773 302 1816 comm.
332 1774 364 1834 p.
394 1756 460 1835 7o);
491 1752 599 1833 ἔφοδος
627 1755 717 1816 enim
739 1764 818 1836 post
845 1754 1069 1817 Aristotelem
1091 1753 1265 1835 significat

183 1862 389 1922 methodum.
1238 1859 1243 1868 ’

267 1968 596 2030 Mechanicorum
619 1969 819 2049 scriptorum
832 1971 928 2047 'haec
950 1969 1137 2050 perierunt:

268 2075 351 2156 Περὶ
387 2075 504 2154 ζυγῶν.
538 2076 678 2157 Pappus
711 2075 795 2138 VIII
827 2097 859 2158 p.
885 2081 946 2154 336
980 2074 1083 2138 Gerh.
1118 2074 1161 2156 (p.
1197 2080 1258 2152 401

181 2179 408 2274 Command.):
431 2183 592 2266 ἀπεδείχθη
603 2185 660 2264 ’γὰρ
672 2184 706 2243 ἐν
729 2193 775 2263 τῷ
798 2186 874 2264 περὶ
898 2186 1005 2263 ζυγῶν
1018 2183 1203 2264 Ἀρχιμήδει.
1217 2225 1226 2240 .
1239 2225 1262 2252 .,

181 2287 224 2346 ὅτι
246 2291 273 2347 οἱ
290 2291 420 2368 μείζονες
439 2289 534 2350 κύκλοι
555 2293 766 2372 κατακρατοῦσι
788 2289 844 2348 τῶν
867 2289 1029 2349 ἐλασσόνων
1051 2287 1170 2370 κύκλιονἸ
1194 2289 1264 2348 ὅταν

182 2397 245 2475 περὶ
279 2397 311 2454 τὸ
345 2397 415 2456 αὐτὸ
437 2397 552 2478 κέντρον
585 2399 602 2479 ἡ
635 2395 739 2463 κύλισις
759 2396 851 2457 αὐτῶν
873 2399 991 2478 γίνηται.
1045 2396 1166 2477 Itaque
1196 2397 1263 2459 hoe

179 2501 268 2565 libro
299 2505 443 2567 staticen
469 2514 684 2568 tractauerat.
739 2504 817 2568 Huc
844 2504 989 2566 fortasse
1023 2513 1156 2585 spectat
1185 2524 1263 2584 pro·

180 2611 297 2672 blema
330 2612 427 2674 illud:
468 2615 500 2672 τὸ
535 2613 621 2672 δοθὲν
654 2614 752 2693 βάρος
782 2616 818 2693 τῇ
849 2612 969 2693 δοθείσῃ
1004 2612 1119 2691 δυνάμει
1151 2615 1264 2691 κινῆσαι

180 2716 332 2799 (Pappus
360 2719 445 2780 VIII
473 2741 505 2800 p.
530 2721 618 2800 330),
653 2720 696 2782 de
725 2740 791 2800 quo
820 2718 878 2781 cfr.
908 2739 941 2799 p.
970 2740 1008 2780 10
1036 2739 1069 2780 n.
1094 2722 1122 2780 6.
1174 2716 1261 2778 Ueri

181 2824 289 2886 simile
313 2836 373 2900 est,
396 2827 486 2888 hunc
507 2827 629 2888 librum
652 2837 731 2888 ante
759 2827 864 2888 libros
893 2827 955 2906 περὶ
977 2829 1068 2906 ῐσορρ.
1097 2825 1261 2905 scriptum

180 2951 266 2994 esse.
321 2932 411 2996 Nam
443 2934 478 2994 in
512 2933 552 2994 iis
586 2934 798 2995 desideratur
832 2932 982 2996 definitio
1016 2932 1124 2995 centri
1147 2933 1261 3012 graui-

180 3038 260 3100 tatis
283 3040 389 3119 (dedit
409 3040 569 3102 Eutocius
591 3060 625 3121 p.
639 3043 678 3121 2),
701 3051 735 3102 et
757 3040 782 3116 I,
814 3063 833 3118 4
856 3041 937 3102 dicit
960 3040 1028 3101 ianr
1051 3040 1261 3101 demonstra·

181 3154 250 3206 tam
273 3167 349 3210 esse
372 3148 460 3208 hanc
482 3148 747 3227 propositionem
781 3147 875 3226 (τοῦτο
912 3148 969 3228 γὰρ
1002 3146 1202 3227 προδέδεικται
1224 3165 1256 3226 p.

181 3275 211 3328 4,
236 3257 302 3334 27):
326 3275 504 3318 commune
526 3255 705 3337 grauitatis
723 3249 885 3317 'centrum
913 3255 1055 3316 duorum
1077 3272 1258 3334 corporum

180 3358 215 3420 in
237 3361 327 3421 linea
349 3381 464 3424 eorum
486 3373 605 3424 centra
638 3383 688 3444 gr.
723 3362 876 3443 iungenti
898 3381 975 3422 esse
1005 3360 1074 3440 (cfr.
1098 3360 1127 3434 I,
1162 3383 1199 3438 13
1224 3380 1257 3440 p.

185 3487 237 3543 15;
261 3466 302 3540 Π,
328 3489 364 3542 23
388 3491 420 3546 4;
446 3472 491 3550 5);
526 3490 615 3550 quae
640 3471 712 3532 sine
741 3469 844 3533 dubio
872 3470 916 3530 ad
942 3469 1032 3530 hunc
1058 3468 1183 3530 librum
1205 3487 1258 3528 re·

180 3571 322 3636 ferenda
344 3586 430 3639 sunt.
482 3576 613 3639 Eodem
635 3577 745 3639 refero
767 3577 857 3637 hanc
879 3576 1157 3657 propositionem:
1187 3595 1257 3637 om·

180 3679 252 3754 nia,
286 3703 509 3764 quaecunque
543 3705 588 3746 ex
610 3693 735 3766 puncto
758 3684 871 3763 aliquo
894 3703 1061 3765 suspensa
1082 3683 1151 3744 suis
1174 3703 1257 3763 pon·

180 3789 317 3851 deribus
345 3791 522 3865 librantur,
556 3792 603 3853 ita
635 3801 789 3864 manent,
822 3801 859 3851 ut
892 3800 1045 3852 centrum
1078 3789 1257 3871 grauitatis

180 3898 340 3976 ponderis
363 3899 518 3980 suspensi
540 3909 679 3980 punem,
707 3919 752 3959 ex
775 3917 843 3977 quo
865 3897 1090 3978 suspenditur,
1113 3897 1159 3958 ad
1181 3917 1257 3978 per-

179 4005 396 4085 pendiculum
419 4004 469 4067 sit.
526 4006 603 4068 Hoc
626 4006 715 4068 enim
741 4005 856 4066 uerbis
884 4004 1049 4085 corruptis
1076 4024 1108 4085 p.
1134 4026 1191 4079 21,
1219 4027 1262 4083 19·

180 4111 363 4193 significari
379 4121 471 4192 put0,
489 4116 532 4174 de
549 4116 671 4195 quibus
687 4112 910 4174 emendandis
923 4121 1044 4192 postea
1054 4111 1255 4176 uidebimus.
