2714 4570
708 272 766 328 ¹94

197 455 286 512 ὁτυῦ
315 453 433 535 ψάμοαα
459 455 583 534 δοιδμὺς
608 458 659 514 τοῦ
685 455 837 534 γενομένου
857 456 981 536 ἀριθμοῦ
1002 457 1269 516 πολλαπλασιασδει·

197 567 251 622 σᾶν
273 567 323 622 τᾶν
345 561 416 622 δέκα
435 564 582 644 μυριάδων
604 567 660 622 τῶν
682 565 783 644 τρίτων
804 563 933 645 δριδμῶν
956 571 1018 629 ταῖς
1028 565 1058 644 ρ’
1073 565 1268 646 μυριάδεσσιν.

195 672 243 730 καί
267 669 327 735 ἐπεὶ
356 671 387 730 αἱ
410 670 464 751 μὲν
493 675 550 731 τῶν
579 673 680 751 τρίτων
698 670 828 751 άοιδμῶν
850 667 921 730 δέκα
940 673 1079 752 μυριάδες
1097 673 1271 732 δυοκαιεικο-

195 778 265 842 στάς
283 775 358 836 ἐστιν
379 777 435 836 dm)
453 778 582 857 μονάδος
600 778 748 858 ἀνάλογον,
771 782 799 836 αἱ
821 779 854 839 δὲ
868 779 899 858 ρ’
915 780 1054 859 μυριάδες
1069 779 1201 862 ἕβδομος
1214 783 1271 840 ἀπὸ

192 886 320 966 μονάδος
346 885 381 945 ἐκ
401 891 455 951 τᾶς
473 885 564 950 ωλτᾶς
582 886 740 966 άναλομιας,
764 887 857 967 δῆλον,
880 886 922 954 ίος
941 890 958 946 ὁ
975 888 1128 968 γενόμενος
1142 887 1272 948 ἐσσεῖται

195 991 450 1056 δκτωκαιεικοστδς
475 991 509 1050 ἐκ
538 999 590 1059 τᾶς
616 994 707 1058 αὐτᾶς
732 995 884 1074 άναλομιας
909 995 966 1054 ἀπὸ
989 996 1124 1076 μονάδος.
1150 995 1214 1056 ’τῶν
1239 997 1271 1056 δὲ
1352 1025 1353 1038 ι

194 1098 271 1157 δκτὼ
300 1099 347 1156 καὶ
369 1109 459 1159 εἴκοσι
481 1098 587 1160 τούτων
609 1101 686 1161 δκτὼ
705 1104 759 1183 μὲν
780 1105 809 1162 οί
827 1103 933 1183 ιρώτοι
955 1102 1006 1163 σὺν
1027 1109 1064 1184 τᾷ
1083 1104 1189 1183 μονάδι
1213 1108 1269 1162 τῶν

193 1207 315 1287 πρώτων
344 1207 522 1290 καλοδμένων
549 1210 614 1281 ἐντιξ
643 1213 670 1269 οἱ
697 1209 732 1270 δὲ
756 1214 832 1292 μετὰ
861 1211 978 1302 τούτους
1002 1211 1078 1272 ἄλλοι
1104 1212 1184 1272 δκτὼ
1213 1215 1270 1272 τῶν

194 1314 344 1395 δευτέρων,
374 1315 421 1374 καί
446 1318 475 1374 οἱ
498 1317 574 1396 μετὰ
600 1316 716 1383 τούτους
740 1318 821 1384 ’δκτιὺ
848 1322 905 1378 τῶν
933 1323 1045 1401 τρίτων,
1075 1321 1102 1377 οί
1122 1319 1157 1380 δὲ
1180 1321 1269 1378 λοιποὶ

193 1422 335 1502 τέσσαρες
361 1425 417 1482 τῶν
446 1425 590 1504 τετάρτων
618 1427 805 1507 καλουμένων,
835 1428 882 1485 καὶ
902 1427 920 1484 ὁ
941 1425 1068 1510 ἔσχατος
1088 1426 1183 1486 αὐτῶν
1205 1425 1268 1485 ἐστι

97 1579 105 1596 ,
188 1533 275 1612 χιλίαι
298 1531 425 1612 μονάδες
450 1534 506 1590 τῶν
535 1530 679 1610 τετάρτων
706 1531 844 1611 ἀριθμῶν.
867 1523 991 1612 φάνερία
1013 1529 1072 1602 οὖν,
1094 1533 1138 1592 δτι
1158 1533 1192 1592 τδ
1216 1536 1265 1591 τοῦ

190 1637 307 1718 ψάμμου
328 1638 436 1718 πλῆθος
456 1641 506 1698 τοῦ
524 1637 653 1718 μέγεθος
672 1634 798 1720 ἔχοντας’
811 1637 870 1698 ἴσον
892 1644 929 1719 τᾷ
951 1641 1060 1721 σφαζοᾳ
1079 1645 1116 1721 τᾷ
1135 1641 1187 1700 τὰν
1205 1631 1263 1700 διάῖ
1352 1663 1353 1668 “

188 1743 432 1828 μετρονέχούσᾳ
460 1745 586 1804 σταδίων
610 1744 641 1824 ρ’
669 1741 790 1804 ἔλασσόν
819 1744 893 1804 ἐστιν
915 1741 932 1825 ἢ
952 1749 1041 1830 χιλίαι
1058 1749 1187 1828 μονάδες
1206 1753 1263 1808 τῶν
1352 1813 1353 1824 ¹

139 1901 146 1916 .
190 1854 335 1932 τετάρτων
365 1854 502 1934 δοιδμιῖιν.
536 1854 615 1913 πάλιν
636 1854 670 1914 δὲ
691 1854 711 1911 ά
732 1859 842 1933 σφαῖρα
864 1855 883 1912 ἁ
905 1853 1014 1938 ἔχουσα
1037 1858 1087 1914 τὰν
1109 1857 1262 1938 διάμετρον

186 1964 294 2042 μαρίιον
322 1962 444 2022 σταδίων
473 1963 662 2022 ιιολλαπλασία
691 1961 752 2020 ἐστί
773 1965 826 2027 τᾶς
845 1965 971 2044 ,σφαιρας
991 1969 1043 2030 τᾶς
1062 1963 1191 2048 ἐχούσας
1212 1968 1259 2028 τὰν

188 2067 338 2148 διάμετρον
365 2069 488 2128 σταδίοιν
510 2064 539 2148 ρ’
562 2075 624 2135 ταῖς
640 2069 671 2149 ρ’
690 2073 883 2152 μοριάδεσσιν·
905 2074 933 2132 εἰ
952 2071 1001 2133 οὖν
1023 2072 1132 2152 γένοιτο
1155 2073 1191 2133 ἐκ
1212 2077 1258 2133 τοῦ

178 2179 304 2260 ,ψάμμου
332 2180 442 2261 σφαῖρα
470 2179 621 2241 ταλικαάτα
649 2183 682 2240 τὺ
707 2180 842 2262 μέγεθος,
865 2185 948 2242 ἁλίκα
969 2182 1043 2242 ἐστίν
1066 2185 1084 2241 ά
1107 2184 1258 2264 σφαζυαὰ

188 2285 297 2370 ἔχουσα
323 2287 373 2348 τὰν
402 2289 552 2370 διάμετρον
578 2289 704 2349 σταδίων
728 2291 845 2369 μορίων,
874 2290 966 2370 δῆλον,
997 2291 1040 2350 δτι
1068 2287 1193 2350 ἔλασσον
1215 2289 1255 2349 ἐσ-

187 2400 276 2455 σείται
303 2397 335 2454 τὸ
365 2397 559 2478 τοδψάμμου
587 2396 695 2476 πλῆθος
714 2397 765 2454 τοῦ
787 2395 938 2476 γενομένου
959 2395 1082 2476 άοιδμοδ
1105 2399 1251 2456 πολλοι-λα-

186 2503 353 2564 σιασδεισᾶν
381 2483 432 2562 τᾶν
458 2506 552 2586 χιλιάν
576 2503 711 2584 μονάδων
740 2504 796 2561 τῶν
824 2504 968 2584 τετάρτων
996 2502 1126 2584 άαιδμῶν
1151 2498 1243 2580 ταῖτμί

182 2611 373 2692 μυριάδεσσιν.
403 2610 462 2670 ἐπεὶ
491 2611 525 2671 δὲ
547 2613 577 2670 αί
594 2609 647 2692 μὲν
670 2614 725 2670 τῶν
747 2610 1043 2706 τετσρτωνιάριδμῶν
1063 2603 1154 2693 χιλίοίι
1171 2607 1243 2690 μανά·

184 2717 235 2782 δες
261 2711 514 2781 δκτωκαιεικοστάς
538 2717 612 2778 ἐστιν
639 2717 700 2776 άτιδ-
719 2716 847 2796 μονάδος
873 2717 1018 2795 ἀνάλογον,
1048 2720 1078 2776 αι’
1097 2718 1131 2777 δὲ
1154 2717 1251 2776 ἑκατὸν

181 2823 319 2903 μυριάδες
344 2821 472 2905 ἕβδομος
496 2825 551 2883 άπὸ
577 2825 706 2904 μονάδος
732 2823 766 2882 ἐκ
782 2830 844 2890 τᾶς
871 2823 960 2889 αὐτᾶς
979 2824 1137 2904 ἀναλογίας,
1162 2824 1253 2906 δῆλον.

145 2916 149 2927 ’
182 2931 224 2991 δτι
251 2934 267 2990 ὁ
294 2935 446 3014 γενόμενος
471 2931 598 2994 ἐσσεῖται
624 2934 657 2994 ἐκ
686 2940 739 3002 τᾶς
765 2936 855 3001 αδτᾶς
881 2935 1031 3014 ἀναλογίας
1051 2935 1190 3017 τέταρτος
1210 2935 1256 2994 καὶ
1352 2947 1353 2992 ζ

182 3040 350 3119 τριακοστὸς
368 3039 424 3098 ἀπὸ
443 3041 577 3119 μονάδος.
601 3045 656 3100 τῶν
680 3041 713 3102 δὲ
736 3043 885 3124 τεσσάρων
908 3044 954 3101 καὶ
976 3045 1126 3123 τριάκοντα
1145 3042 1256 3102 τούτων

182 3147 258 3208 δκτιδ
288 3147 342 3228 μὲν
373 3149 401 3206 αι’
431 3149 537 3230 πρώτω
564 3151 614 3210 σδν
643 3156 681 3232 τᾷ
707 3151 809 3233 μονάδι
837 3155 892 3212 τῶν
923 3151 1043 3233 πρώτων
1073 3149 1256 3232 καλουμένων

267 3369 293 3427 l.
316 3365 432 3446 ψάμμον
455 3368 489 3428 Α.
534 3371 562 3426 2.
586 3367 642 3426 τῶν
662 3370 812 3445 suppleui3
835 3390 863 3429 u.
884 3377 979 3427 tamen
999 3371 1035 3428 ad
1052 3371 1175 3448 p.·193‚
1203 3373 1253 3430 13.

176 3447 327 3528 μυριάδεσι
347 3451 434 3522 ΒΟΙ),
463 3452 632 3531 μοριάδεσσι
662 3461 729 3514 cett.
775 3455 803 3512 3.
826 3455 873 3512 καὶ
895 3453 955 3512 ἐπεὶ
976 3455 1014 3512 ad
1033 3455 1173 3534 μυριάδες
1192 3475 1251 3513 om.

180 3534 232 3591 AD
261 3543 291 3594 ελ
320 3536 344 3593 V
372 3537 475 3610 (habet
500 3536 678 3616 μυριάδεςῖ),
723 3543 750 3598 6.
775 3539 1020 3604 δκτοκαιεικοστάς
1041 3541 1071 3598 (“.
1119 3543 1167 3600 10.
1191 3539 1252 3598 τέτ-

179 3640 264 3698 ταρες
286 3621 316 3678 C.
364 3623 412 3683 11.
433 3621 571 3703 μονάδες]
596 3621 734 3703 μυριάδες
760 3625 826 3686 Bas.
872 3626 904 3682 τὺ
930 3615 987 3682 'om.
1017 3627 1051 3686 R.
1097 3629 1143 3686 12.
1163 3625 1251 3704 μεγέ-

177 3702 248 3770 ίλεος
268 3705 334 3766 Bas.
381 3708 429 3770 13.
450 3706 588 3786 μονάδες]
597 3707 735 3787 μυριάδες
753 3710 784 3770 G.
808 3713 876 3787 τῶν]
890 3711 945 3768 τῶν
967 3709 1001 3768 δὲ
1019 3711 1085 3768 Bas.
1132 3713 1180 3770 14.
1198 3711 1249 3768 πά-

176 3791 215 3846 λιν
244 3789 278 3870 δή
308 3810 416 3853 omnes.
464 3795 511 3853 16.
530 3792 697 3873 μοριάδεσιν
724 3795 811 3867 ACD,
836 3794 1007 3875 μοριάδεσσι
1034 3795 1094 3852 BR.
1138 3793 1183 3872 ἐκ]
1216 3796 1249 3852 τὸ

175 3872 209 3933 ἐκ
231 3874 262 3933 C.
311 3879 357 3937 18.
382 3875 540 3958 διαμέτρων
571 3879 633 3940 AD.
677 3875 808 3938 ἐλάσσων
836 3881 902 3940 Bas.
933 3881 958 3944 R
987 3889 1014 3938 et
1038 3882 1061 3938 B
1084 3881 1147 3955 (sed
1172 3902 1246 3939 corr.

175 3961 237 4020 ead.
266 3963 376 4035 manu).
430 3965 479 4025 19.
502 3963 817 4024 πολλαπλασιασδεισῶν
846 3967 902 4024 τῶν
933 3965 1020 4024 VAD.
1074 3967 1122 4026 20.
1148 3965 1247 4047 χιλίων

175 4043 237 4103 ΑΒ.
284 4049 333 4106 21.
355 4046 520 4126 μυριάδεσιν
539 4047 626 4107 ACD.
670 4045 694 4105 δ’
714 4051 871 4121 aiABGI),
897 4050 931 4108 δέ
947 4051 981 4110 R.
1028 4053 1076 4109 22.
1100 4049 1267 4130 άτιομοιδοςΙ

174 4128 215 4202 F3
239 4131 289 4202 111,
315 4135 341 4190 7.
387 4131 434 4209 δὲ]
458 4129 483 4188 δ’
507 4132 621 4190 ABCD.
667 4137 715 4192 25.
740 4135 898 4213 τριάκωντα
920 4137 954 4208 Α,
980 4137 1030 4194 sed
1054 4157 1127 4197 τοτα,
