2750 4594
670 283 689 341 9

133 475 171 528 et
194 467 355 528 uestitum
383 467 544 548 uepribus
571 475 605 529 et
634 466 793 540 dumetiS,
817 463 979 545 indagaui
1001 464 1208 546 sepulcrum;

131 554 300 615 tenebam
322 552 412 614 enim
433 554 598 633 quosdam
621 551 812 626 senariolos,
835 569 920 632 quos
943 549 977 612 in
999 550 1071 612 eius
1093 569 1209 610 monu-

131 647 253 699 mento
283 658 358 699 esse
390 637 569 719 inscriptos
591 657 805 719 acceperam,
839 635 896 717 qui
925 635 1144 698 declarabant
1174 634 1209 696 in

131 742 268 784 summo
298 723 452 803 sepulcro
480 723 659 804 sphaeram
687 743 763 785 esse
785 723 930 804 positam
952 740 1028 782 cum
1044 721 1206 802 cylindr0.

130 827 204 890 ego
227 817 350 881 autem,
381 829 457 871 cum
479 808 592 870 omnia
614 809 855 870 conlustrarem
874 806 1096 871 oculis—est
1118 805 1208 868 enim

131 895 180 954 ad
203 903 321 975 portas
342 892 565 974 Agragianas
596 894 629 976 (Ρ)
660 914 786 975 magna
816 892 1007 974 frequentia
1040 892 1209 972 sepulcro·

129 998 209 1040 rum
220 1016 263 1024 —
276 979 424 1042 animum
446 980 578 1042 aduerti
589 979 799 1042 columellam
817 999 886 1040 non
903 979 1044 1042 multum
1061 997 1080 1038 e
1098 976 1209 1040 dumis

130 1063 357 1138 eminentem,
379 1063 414 1126 in
441 1085 510 1145 qua
538 1065 646 1127 inerat
668 1065 833 1146 sphaerae
860 1063 971 1146 figura
993 1071 1027 1125 et
1049 1062 1207 1144 cylindri;

130 1158 236 1230 atque
267 1169 334 1230 ego
364 1151 477 1212 statim
506 1147 729 1234 Syracusanis
756 1187 797 1194 —
828 1159 925 1211 erant
953 1157 1065 1210 autem
1087 1148 1209 1229 princi-

129 1255 195 1315 pes
217 1255 351 1297 mecum
367 1271 409 1280 —
426 1236 507 1310 dixi,
530 1256 585 1298 me
603 1236 686 1297 illud
703 1235 814 1317 ipsum
833 1233 988 1297 arbitrari
1007 1253 1092 1307 esse,
1115 1234 1208 1314 quod

132 1339 343 1400 quaererem.
384 1321 514 1384 inmissi
543 1341 619 1384 cum
647 1320 790 1383 falcibus
817 1319 934 1383 famuli
962 1328 1150 1401 purgarunt
1172 1328 1208 1381 et

133 1416 340 1486 aperuerunt
360 1407 488 1470 locum:
510 1427 578 1488 quo
601 1426 677 1469 cum
692 1403 883 1488 patefactus
906 1415 997 1467 esset
1019 1405 1139 1478 aditus
1163 1405 1208 1467 ad

130 1492 313 1553 aduersam
352 1493 463 1554 basim
505 1492 722 1565 accessimus;
767 1492 956 1572 adparebat
995 1491 1209 1572 epigramma
1316 1521 1318 1524 ·

128 1576 247 1639 exesis
258 1577 503 1658 posterioribus
514 1578 667 1658 partibus
678 1577 918 1639 uersiculorum
931 1575 1113 1638 dimidiatis
1124 1573 1205 1637 fere.

216 1664 256 1744 9).
301 1663 356 1724 De
378 1663 543 1725 machinis
566 1683 597 1725 u.
621 1673 723 1744 caput
738 1662 797 1725 111.
830 1662 972 1724 Praeter
989 1661 1207 1723 Plutarchum

128 1747 235 1810 Marc.
276 1769 408 1828 15—17,
439 1749 560 1830 Polyb.
583 1747 677 1822 VIH,
712 1769 804 1827 5-q‚
832 1748 965 1810 Liuium
993 1745 1131 1819 XXIV,
1166 1767 1208 1823 34

127 1834 290 1913 permulti
308 1834 406 1897 huius
425 1834 474 1896 rei
493 1834 697 1898 mentionem
721 1833 881 1908 fecerunt,
904 1853 989 1914 quos
1008 1851 1206 1894 enumerare

127 1919 346 1999 supersedeo
390 1919 445 1981 De
467 1929 575 1982 morte
598 1920 670 1982 eius
691 1940 722 1983 u.
746 1919 861 1981 uariae
882 1917 1092 1980 narrationes
1116 1917 1207 1997 apud

126 2001 347 2066 Plutarchum
376 2004 480 2067 Marc.
515 2027 560 2083 rq.
592 2004 657 2069 cfr.
688 2004 753 2069 Cic.
786 2006 828 2066 de
856 2003 948 2066 finib.
971 2002 1014 2076 V,
1039 2023 1088 2079 50.
1132 2001 1205 2063 Liu.

125 2087 253 2164 XXV,
277 2110 327 2166 31,
351 2111 379 2168 q.
423 2087 483 2154 Sil.
513 2091 586 2153 Ital.
609 2090 709 2165 XIV,
739 2095 810 2169 676.
854 2089 1074 2153 Notissimum
1106 2086 1205 2149 illud:

127 2173 228 2236 »Noli
254 2174 355 2236 istum
377 2175 570 2256 (puluerem,
591 2175 625 2236 in
643 2196 710 2256 quo
733 2174 860 2257 figuras
882 2174 1118 2255 descripserat)
1141 2172 1208 2235 dis·

127 2261 287 2321 turbare«
334 2262 425 2341 apud
456 2259 632 2323 Ualerium
667 2261 856 2323 Maximum
896 2262 1031 2322 demum
1063 2258 1206 2320 traditur

130 2343 236 2422 (Vm,
262 2365 289 2423 7,
314 2346 359 2426 7);
382 2345 441 2408 cfr.
455 2345 594 2409 Tzetzes
617 2345 699 2409 Chil.
722 2345 764 2419 H,
788 2367 827 2424 35
847 2366 1014 2425 v.135sq.
1039 2339 1204 2424 (ἂπόοτγθι,

129 2427 155 2488 ὦ
178 2428 325 2510 ἄνθρωπε,
347 2434 398 2490 τοῦ
420 2431 637 2513 διαγράμματός
653 2437 733 2511 μου).
778 2431 925 2494 Zonaras
946 2430 1010 2504 IX,
1034 2451 1066 2508 5:
1089 2428 1207 2488 καὶτὸν

129 2513 172 2576 Ἀ.
182 2514 363 2574 ἀπέκτειναν·
379 2517 544 2596 διάγραμμα
556 2517 612 2598 γάρ
624 2539 649 2575 τι
661 2517 828 2595 διαγράφων
839 2518 886 2575 καὶ
900 2515 1028 2580 ἀκούσας
1040 2514 1107 2578 τοὺς
1126 2516 1205 2574 πολε-

128 2602 213 2681 μίους
238 2599 426 2678 ἐφίστασθαιε
449 2602 527 2682 παρὰ
548 2602 685 2681 κεφαλὰν,
715 2599 781 2683 ἔφη,
809 2603 855 2661 καὶ
878 2601 918 2682 μὴ
941 2601 1018 2680 παρὰ
1040 2599 1173 2680 γραμμάν
1196 2641 1204 2656 .

130 2685 297 2750 ἐπιστάντος
329 2685 361 2746 δὲ
390 2685 470 2766 αὐτῷ
494 2689 624 2768 πολεμίου
652 2683 752 2770 βραχύ
781 2709 813 2746 τε
842 2685 995 2768 ἐφρόντισε
1024 2687 1070 2744 καὶ
1100 2684 1204 2746 εἰπὼντ

130 2769 281 2849 α’πάστηθι,
296 2769 442 2848 ἄνθρωπε,
458 2771 513 2829 ἀπὸ
527 2775 578 2850 τῆς
587 2775 727 2851 γραμμῆς,
740 2770 890 2853 παρώξονέ
899 2793 930 2830 τε
948 2769 1033 2829 αὐτὸν
1056 2769 1102 2828 καὶ
1123 2791 1204 2828 κατε·
1308 2823 1309 2826 ,

131 2856 213 2936 κόπη.
257 2854 312 2918 De
333 2855 497 2918 Marcello
519 2855 586 2919 Cic.
617 2857 651 2918 in
673 2856 771 2919 Uerr.
794 2856 853 2930 IV,
888 2877 962 2934 131:
993 2855 1120 2917 etenim
1148 2854 1204 2917 ille

131 2939 335 3022 (Marcellus)
363 2941 544 3021 requisisse
571 2941 673 3004 etiam
695 2941 817 3004 dicitur
837 2941 1080 3004 Archimedem
1101 2940 1203 3014 illum,

132 3045 264 3088 summo
297 3026 437 3108 ingenio
470 3027 643 3090 hominem
682 3047 722 3089 ac
763 3028 953 3109 disciplina,
994 3046 1095 3106 quem
1128 3045 1206 3088 cum

132 3111 282 3174 audisset
304 3111 525 3186 interfectum,
549 3112 751 3194 permoleste
763 3113 888 3176 tulisse.
926 3112 998 3184 Liu.
1015 3110 1135 3185 XXV,
1153 3134 1203 3190 31,

135 3218 190 3258 10:
224 3216 329 3279 aegre
355 3198 391 3259 id
419 3198 617 3261 Marcellum
643 3198 771 3272 tulisse,
801 3200 1061 3280 sepulturaeque
1089 3211 1204 3259 curam

130 3281 292 3356 habitam,
316 3292 350 3344 et
368 3282 565 3365 propinquis
572 3284 686 3345 etiam
701 3283 867 3364 inquisitis
884 3284 1003 3346 honori
1021 3283 1205 3363 praesidio·

131 3386 197 3448 que
219 3387 343 3431 nomen
365 3389 405 3431 ac
427 3370 623 3432 memoriam
645 3369 717 3431 eius
739 3368 851 3432 fuisse.
884 3368 1012 3431 Plinius
1035 3367 1121 3430 Hist.
1134 3377 1202 3430 nat,

131 3452 208 3526 VH,
236 3474 308 3530 125:
330 3456 462 3536 grande
486 3466 520 3517 et
541 3453 739 3523 Archimedi
760 3454 989 3536 geometricae
1016 3473 1056 3514 ac
1078 3451 1205 3514 machi-

132 3538 217 3599 nalis
240 3538 401 3602 scientiae
423 3540 650 3602 testimonium
671 3540 717 3602 M.
740 3540 893 3602 Marcelli
922 3539 1072 3620 contigit,
1103 3539 1202 3600 inter-

131 3623 236 3697 dicto,
260 3644 336 3685 cum
359 3621 550 3706 Syracusae
581 3636 791 3706 caperentur,
824 3644 868 3686 ne
899 3625 1079 3687 uiolaretur
1107 3644 1203 3698 unuS,

131 3708 194 3770 nisi
222 3706 398 3771 fefellisset
427 3711 603 3792 imperium
630 3705 781 3772 militaris
806 3709 1041 3792 imprudentia.
1086 3709 1202 3772 Ualer.

130 3794 223 3876 Max,
246 3796 265 3856 i.
288 3795 308 3856 l.
332 3795 417 3858 Plut.
441 3796 545 3859 Marc.
574 3817 626 3876 19:
649 3796 691 3855 ὅτι
711 3797 806 3876 μέντοι
833 3797 998 3876 Μάρκελλος
1023 3792 1128 3875 ἤλγησε
1155 3795 1219 3854 καθ’

132 3880 179 3938 τὸν
201 3879 356 4022 αὐτόέειρα
386 3882 435 3940 τοῦ
463 3882 568 3963 ἀνδρὸς
596 3882 765 3962 ἀπεστράφη
794 3881 927 3962 καθάπερ
956 3880 1052 3960 ἐναγῆἸ
1081 3879 1149 3944 τοὺς
1168 3879 1202 3939 δὲ

131 3965 249 4029 οἰκείους
289 3966 394 4044 νεορὼν
416 3965 556 4048 ἐτίμησεν7
579 3965 765 4046 άμολογεῖται.
