2750 4594
596 559 718 677 caput
751 560 788 651 ΙΙ.

456 763 507 818 ne
527 763 668 830 seriptis
687 762 920 820 Archimedis.
1008 747 1013 756 '

646 923 745 930 -——-

239 1017 382 1082 Codices
406 1040 531 1094 omnes,
555 1040 696 1101 quorum
713 1020 849 1102 quidem
869 1031 1008 1084 exstant
1023 1022 1229 1095 collationes

154 1127 282 1209 scripta
304 1129 348 1188 ab
370 1125 580 1190 Archimede
602 1128 719 1191 relicta
740 1129 805 1191 hoc
827 1130 944 1191 ordine
967 1131 1146 1211 praebent:

155 1235 224 1315 Περὶ
246 1237 375 1316 αφὰιρας
393 1237 440 1294 καὶ
461 1235 605 1315 κυλίνδρου
629 1236 737 1310 I—-H,
760 1235 861 1298 κύκλου
880 1239 1028 1318 μέτρησις,
1057 1239 1120 1318 περὶ
1142 1259 1230 1296 κωνο-

110 1366 113 1375 ¹
155 1341 254 1402 ειδέων
277 1344 323 1402 καὶ
345 1343 568 1423 σφαιροειδέων,
599 1346 662 1425 περὶ
684 1344 793 1409 ἑλίκων,
817 1343 954 1404 ἐπιπέδων
977 1347 1134 1426 ἰσορροπίαι
1155 1344 1228 1418 I-II‚

155 1451 304 1532 φαμρίτηςἸ
329 1451 560 1531 τετραγωνισμὺς
580 1452 755 1530 παραβολῆς.
770 1513 771 1516 ,
793 1450 859 1532 Qui
873 1454 957 1514 ordo
973 1472 1049 1514 cum
1063 1451 1229 1515 fortuitus.

78 1600 81 1604 -
155 1578 232 1620 esse
254 1558 424 1631 uideatur,
448 1577 494 1620 ex
517 1558 598 1640 ipsis
621 1559 754 1640 scriptis
777 1559 857 1640 quid
880 1562 925 1622 ad
946 1561 1049 1624 libros
1072 1562 1117 1623 ad
1144 1569 1229 1624 tem·

159 1685 278 1747 porum
311 1665 478 1728 rationem
511 1666 717 1748 digerendos
751 1666 826 1729 elici
863 1668 985 1749 possit,
1027 1687 1229 1748 quaeramus

155 1773 337 1836 Torellium
368 1773 403 1835 in
431 1773 602 1854 plerisque
631 1784 828 1855 sequentes,
862 1775 919 1856 qui
941 1776 975 1838 in
998 1776 1145 1839 editione
1168 1796 1230 1838 sua

154 1882 290 1964 primus
314 1881 441 1963 scripta
474 1883 659 1943 secundum
692 1891 880 1963 temporum
909 1884 1057 1946 rationes
1087 1883 1229 1965 digessit

156 1991 196 2070 (u.
221 1989 326 2071 praef.
355 2009 388 2070 p.
418 1989 528 2070 XIII).
579 1989 729 2051 Primum
754 1990 856 2071 igitur
885 2001 1032 2066 constat,
1062 1991 1184 2054 librum
1213 1991 1230 2052 I

155 2096 292 2156 ἐπιπέδων
322 2099 490 2178 ἰσορροπιῶν
520 2097 680 2178 scriptum
710 2117 786 2160 esse
820 2108 899 2160 ante
920 2099 1058 2172 librum,
1093 2099 1151 2179 qui
1179 2099 1228 2160 in·

153 2205 311 2267 scribitur
343 2205 548 2285 quadratura
580 2205 780 2286 parabolae3
822 2225 901 2266 nam
940 2205 975 2267 in
1014 2206 1112 2268 huius
1152 2207 1229 2269 libri

84 2301 86 2308 ’
154 2332 250 2394 prop.
285 2317 304 2374 6
336 2333 369 2394 p.
395 2334 429 2374 21
474 2311 700 2377 Archimedes
729 2313 832 2374 utitur
859 2313 930 2378 ἐπιπ.
954 2317 1046 2395 ι’σιιρρ.
1076 2314 1102 2390 Ι,
1135 2337 1172 2392 14
1195 2295 1230 2376 et

154 2420 180 2495 I,
204 2425 303 2500 6-7;
326 2420 407 2482 item
429 2420 463 2482 in
485 2439 579 2502 prop.
608 2441 645 2481 10
666 2440 699 2501 p.
723 2442 761 2498 23
786 2420 857 2480 ἐπιπ.
881 2423 971 2502 ι’σορρ.
994 2421 1020 2496 Ι,
1048 2443 1093 2500 15.
1138 2421 1227 2503 Qua-

155 2530 293 2590 dratura
315 2537 429 2591 autem
451 2529 637 2610 parabolae
667 2538 746 2590 ante
775 2527 846 2588 ἐπιπ.
877 2531 967 2610 ἰσορρ.
991 2529 1025 2591 Π
1052 2530 1144 2592 edita
1166 2538 1227 2603 est,

155 2637 315 2716 quoniam
337 2623 435 2699 huius
462 2636 538 2698 libri
567 2657 662 2718 prop.
699 2658 715 2714 5
740 2638 990 2702 demonstratur
1017 2656 1079 2718 per
1109 2638 1225 2717 quadr.

80 2821 84 2831 .
155 2746 271 2826 parab.
308 2767 342 2807 21
380 2755 415 2808 et
449 2767 505 2822 24,
535 2765 630 2827 prop.
671 2749 689 2806 8
724 2765 756 2826 p.
788 2750 828 2822 46
861 2765 923 2826 per
956 2731 1072 2826 quadr.
1107 2746 1225 2826 parab.

156 2873 211 2930 24;
245 2863 424 2934 praeterea
455 2853 490 2914 in
518 2873 613 2935 prop.
653 2873 690 2914 10
723 2852 826 2915 utitur
859 2854 975 2934 quadr.
1016 2854 1134 2934 parab.
1167 2873 1224 2934 pp.

160 2982 170 3021 1
199 2970 233 3022 et
255 2982 272 3038 3
298 2960 339 3041 (p.
365 2981 403 3037 55
427 2961 484 3022 lin.
509 2982 528 3037 4
551 2970 585 3022 et
606 2960 661 3022 lin.
693 2962 754 3042 32).
805 2958 876 3024 Sed
898 2971 1009 3023 utrum
1038 2959 1110 3020 ἐπιπ.
1134 2963 1224 3040 ἰσορρ.

154 3067 188 3128 Π
218 3067 333 3130 statim
365 3077 444 3148 post
476 3069 592 3148 quadr.
621 3069 739 3148 parab.
769 3070 945 3149 ponendus
974 3069 1016 3129 sit
1046 3087 1090 3130 an
1122 3068 1227 3130 multo

155 3185 233 3256 post
262 3175 304 3236 sit
327 3175 450 3248 editu's,
475 3175 509 3237 id
531 3195 599 3236 non
620 3175 735 3256 liquet.
787 3175 884 3238 Prius
912 3186 1028 3238 tamen
1049 3175 1122 3237 ueri
1140 3174 1227 3238 simi*

155 3282 219 3344 lius
235 3292 295 3356 est,
312 3283 472 3364 quoniam
483 3282 538 3344 hic
548 3282 635 3344 liber
650 3283 781 3345 illorum
793 3284 934 3346 duorum
957 3283 1105 3363 quodam
1127 3282 1228 3344 modo

155 3410 287 3461 summa
321 3401 356 3452 et
388 3390 485 3470 quasi
514 3400 698 3472 prouentus
732 3399 793 3452 est.
849 3389 1099 3471 Quadraturam
1131 3403 1229 3471 para·

155 3498 270 3572 boiae,
305 3499 406 3580 paulo
445 3507 523 3578 post
562 3508 705 3562 mortem
745 3497 891 3561 Cononis
928 3498 1055 3560 editam
1089 3497 1131 3580 (p.
1171 3500 1227 3582 17),

155 3616 292 3668 secutus
315 3617 367 3668 est
388 3605 446 3668 lib.
470 3607 487 3667 I
509 3607 572 3687 περὶ
601 3609 731 3687 σφαίρας
751 3607 798 3666 καὶ
820 3607 979 3687 κολινδροο;
1002 3606 1050 3668 sic
1079 3605 1169 3669 enim
1196 3606 1231 3667 in

155 3711 261 3795 praef.
284 3734 315 3795 p.
340 3719 379 3792 63
410 3715 556 3795 loquitur
584 3713 825 3776 Archimedes:
856 3714 994 3793 πρότερον
1014 3711 1067 3794 μὲν
1090 3711 1228 3774 ἀπεστάλ·

156 3929 198 3994 ὡς
224 3930 267 3991 ὅτι
294 3934 348 3989 πᾶν
378 3933 472 4010 τρῆμα
501 3931 533 3987 τὸ
555 3930 756 4011 περιεχόμενον
780 3929 833 3987 ὑπό
862 3949 894 3986 τε
923 3927 1040 3994 εὐθείας
1067 3931 1114 3988 καὶ
1144 3915 1228 4010 iptio·

156 4043 260 4116 γιονιόυ
281 4037 373 4096 κώνου
396 4037 489 4116 topic
509 4035 643 4114 ἐπίτριτον
666 4035 726 4094 ἐστι
755 4034 890 4115 τριγώνου
918 4037 968 4094 τοῦ
997 4033 1117 4120 ἔχοντας
1142 4036 1228 4113 βάσιν
