2750 4594
614 309 653 366 43

102 505 137 565 p.
149 491 207 562 416
221 487 273 549 ed.
286 485 445 550 Bekker:
468 489 516 570 τὴν
539 493 606 569 γοῦν
626 491 812 573 Ἅρχιμήδειον
831 500 956 575 σφαῖραν
968 493 1086 574 σφόδρα
1103 495 1177 554 dsw-

99 594 217 673 ροῦντες
243 592 469 675 &animuin-ada,
499 595 529 656 ἐν
551 595 570 680 ᾖ
593 593 670 678 ἥλιός
690 619 722 656 τε
744 601 791 658 καὶ
812 600 914 681 σελήνη
937 607 1050 660 κινεῖται
1071 603 1119 660 καὶ
1141 602 1177 661 τὰ

102 700 181 758 λοιπὰ
203 703 258 760 τῶν
281 701 423 783 ἀστέρων.
460 702 554 765 Inter
575 705 797 768 recentiores:
820 704 964 770 Schiek:
987 705 1106 770 Ueber
1120 707 1176 769 die

101 806 397 889 Himmelsgloben
420 810 451 872 d.
474 809 736 875 Anaximander
764 834 795 875 u.
824 813 1061 878 Archimedes.
1105 814 1177 876 Ha·

101 934 168 976 nau
189 919 364 994 1843-46.
377 939 407 994 4.
452 915 567 981 Goell:
589 919 632 982 D.
645 919 801 1000 gelehrte
815 920 1012 984 Alterthum
1023 942 1056 1003 p.
1074 927 1175 1002 187—-

108 1043 172 1099 190.
223 1022 279 1085 De
302 1025 457 1105 sphaeris
480 1035 515 1087 et
536 1026 648 1107 globis
670 1036 824 1092 ueterum
846 1027 993 1090 Fabricii
1015 1029 1103 1092 Bibl.
1126 1029 1177 1090 ΙΠ

102 1149 135 1210 P·
157 1151 214 1209 457
240 1150 290 1211 Sq-

184 1237 223 1298 In
254 1239 404 1301 carmine
437 1241 481 1302 de
514 1242 724 1321 ponderibus
752 1261 784 1303 u.
819 1262 962 1320 102—23
997 1243 1084 1305 ratio
1117 1264 1176 1306 ex·

103 1343 241 1422 ponitur,
277 1365 345 1425 qua
377 1347 510 1427 pondus
539 1348 754 1410 humidorum
786 1348 929 1410 inueniri
961 1349 1085 1429 possit,
1119 1369 1176 1431 cy·

104 1450 207 1512 lindro
230 1471 317 1513 cauo
339 1471 386 1513 ex
408 1464 553 1533 argento
575 1455 631 1516 uel
653 1474 732 1516 aere
760 1454 850 1516 facto
880 1456 914 1516 in
937 1475 979 1517 ea
1002 1457 1174 1528 demerso;

63 1622 67 1629 ,
106 1556 224 1619 deinde
246 1577 278 1619 u.
307 1579 365 1636 124
387 1569 574 1639 sequuntur
601 1561 687 1622 haec
709 1562 832 1623 uerba:
861 1581 950 1623 nunc
979 1563 1071 1636 aliud
1099 1582 1176 1643 par-

104 1672 171 1724 tum
204 1663 344 1745 ingenio
377 1667 551 1728 trademus
584 1669 719 1740 eodem;
760 1676 831 1729 tum
858 1669 1074 1741 describitur,
1108 1688 1177 1748 qua

101 1770 153 1831 uia
174 1769 403 1834 Archimedes
426 1772 467 1852 (u.
495 1794 570 1854 127:
593 1775 704 1854 prima
725 1772 887 1856 Syracusi
908 1795 1005 1836 mens
1027 1775 1177 1855 prodidit

100 1879 167 1940 alta
188 1875 355 1960 magistri)
377 1878 503 1941 furtum
525 1881 620 1955 illud,
644 1882 688 1943 de
710 1901 778 1961 quo
800 1903 831 1943 u.
854 1901 887 1962 p.
913 1903 962 1954 22,
985 1883 1176 1962 deprehen-

101 1986 193 2048 derit.
251 1984 342 2048 Hinc
374 1987 479 2068 igitur
511 1989 739 2068 colligendum
760 1989 909 2062 uidetur,
932 1987 1176 2050 Archimedem

99 2092 180 2155 illud
204 2092 477 2168 instrumentum,
508 2115 575 2175 quo
601 2097 736 2176 pondus
759 2093 970 2177 specificum,
998 2097 1090 2176 quod
1118 2116 1176 2158 uo-

99 2211 185 2275 cant,
220 2201 435 2264 humidorum
465 2201 648 2277 inuenitur,
676 2203 911 2284 excogitasse;
934 2204 1026 2283 quod
1054 2221 1176 2283 perse

99 2309 168 2370 ueri
193 2307 303 2370 simile
327 2318 395 2382 est,
419 2329 494 2371 cum
517 2309 678 2382 sciamus,
713 2329 791 2371 eum
823 2310 858 2371 in
886 2311 1011 2372 talibus
1041 2329 1177 2390 quoque

98 2415 355 2496 quaestionibus
377 2425 551 2478 uersatum
573 2415 678 2478 fuisse
697 2415 740 2497 (p.
765 2417 824 2496 22).

186 2545 213 2584 1.
259 2521 486 2585 Tertullianus
508 2522 573 2601 (De
602 2523 716 2585 anima
752 2524 801 2604 14)
828 2521 1029 2584 Archimedi
1060 2522 1178 2584 tribuit

98 2627 266 2690 organum
283 2607 526 2689 hydraulicum,
550 2609 611 2669 sed
634 2609 706 2670 sine
729 2607 833 2669 dubio
856 2606 989 2680 iniuria;
1013 2616 1066 2668 est
1087 2607 1177 2668 enim

97 2692 273 2754 inuentum
297 2691 450 2766 Ctesibii,
473 2693 618 2754 testibus
640 2691 750 2754 Plinio
772 2691 872 2770 (Hist.
902 2700 970 2753 nat.
993 2689 1070 2764 VH,
1097 2694 1176 2772 125),

97 2775 255 2839 Uitruuio
278 2776 342 2856 (X,
368 2778 415 2857 7),
448 2776 632 2839 Athenaeo
656 2777 732 2856 (IV,
771 2796 829 2855 174
853 2777 895 2856 d),
928 2774 1071 2836 Philone
1094 2774 1177 2854 (Ma-

97 2864 240 2925 themat.
264 2871 345 2924 uett.
368 2882 401 2942 p.
432 2863 497 2943 77),
526 2863 560 2923 in
589 2862 714 2924 talibus
736 2863 838 2924 rebus
860 2861 917 2923 illo
939 2861 1044 2922 multo
1066 2861 1178 2941 graui·

97 2949 215 3010 oribus
238 2945 308 3026 (cfr.
333 2945 528 3010 Graebner:
550 2946 606 3009 De
629 2939 747 3028 orgin.
770 2947 925 3028 hydraul.
948 2965 980 3026 p.
1005 2948 1066 3026 39).

184 3076 213 3116 2.
258 3053 364 3135 Apud
385 3054 531 3118 Marium
553 3053 767 3116 Uictorinum
788 3054 823 3116 in
844 3053 920 3115 Art.
944 3073 995 3133 gr.
1020 3074 1037 3130 3
1062 3052 1124 3132 (VI
1143 3072 1176 3133 p.

101 3161 161 3202 100
184 3141 239 3201 ed.
262 3139 356 3219 Keil)
382 3139 469 3200 haec
497 3138 669 3220 leguntur:
692 3149 730 3201 ut
762 3139 818 3200 ille
850 3139 979 3200 loculus
1000 3136 1178 3200 Archime-

95 3225 174 3287 dius
206 3244 226 3286 e
255 3223 525 3304 quattuordecim
552 3224 672 3286 crustis
700 3223 858 3285 eburneis
884 3241 974 3284 nunc
1001 3221 1177 3302 quadratis

95 3329 187 3371 nunc
209 3308 388 3390 triangulis
409 3327 498 3370 nunc
521 3328 568 3370 ex
590 3319 733 3389 utraque
761 3307 875 3389 specie
902 3307 997 3368 varie
1023 3304 1177 3387 figuratis

95 3395 192 3456 velut
214 3393 417 3474 quibusdam
444 3393 606 3455 membris
636 3395 717 3455 artis
745 3394 928 3454 struendae
958 3411 1061 3453 causa
1089 3411 1178 3453 com·

95 3479 229 3560 positus
251 3478 419 3559 proditur;
446 3497 526 3539 nam
555 3488 593 3540 ut
621 3479 656 3552 in
678 3478 735 3540 illo
757 3476 935 3559 praefinito
959 3496 999 3537 ac
1021 3475 1178 3537 determi-

95 3573 178 3626 nato
208 3573 398 3626 crustarum
430 3582 570 3624 numero
603 3562 778 3644 multiplici
813 3562 999 3623 earundem
1032 3559 1178 3621 variata·

95 3669 171 3710 rum
196 3647 310 3730 specie
332 3668 421 3710 nunc
453 3648 552 3709 navis
585 3668 674 3710 nunc
706 3646 841 3728 gladius
875 3666 963 3708 nunc
997 3645 1179 3707 arbuscula

96 3743 132 3796 et
155 3733 185 3795 si
207 3753 275 3814 qua
298 3733 365 3795 alia
386 3731 576 3814 figurantur
597 3742 661 3795 cet.
712 3729 873 3795 Similiter
901 3729 1027 3792 Atilius
1059 3729 1179 3791 Fortu-

96 3819 224 3882 natian.
269 3818 324 3880 De
352 3827 448 3880 metr.
472 3817 523 3878 VI
545 3837 578 3898 p.
603 3839 681 3898 271:
705 3835 784 3878 nam
813 3815 841 3876 si
869 3815 999 3877 loculus
1028 3814 1084 3876 ille
1111 3812 1179 3875 Ar·

97 3904 297 3974 chimedius,
330 3902 388 3983 qui
420 3901 510 3963 XIV
543 3904 687 3964 eboreas
720 3901 882 3974 lamellas,
917 3919 1059 3980 quarum
1092 3896 1178 3959 varii

98 3989 217 4070 anguli
249 3996 342 4060 sunt,
381 3988 416 4048 in
456 3988 659 4066 quadratam
696 3985 841 4047 formam
883 3985 1032 4046 inclusas
1064 3983 1178 4054 habet,

98 4071 381 4155 componentibus
403 4072 501 4132 nobis
524 4072 621 4132 aliter
647 4071 749 4132 modo
777 4071 914 4150 galeam
944 4070 1045 4132 modo
1074 4067 1179 4128 sicam

99 4158 183 4220 alias
212 4158 402 4220 columnam
430 4156 515 4218 alias
544 4175 668 4218 navem
696 4153 823 4235 figurat
854 4164 890 4217 et
917 4151 1180 4220 innumerabiles
