2750 4594
680 297 695 356 7

243 485 282 562 2).
326 481 412 544 Plut.
436 481 584 544 Marcell.
612 503 665 559 14:
699 477 730 542 Ἄ.
749 479 855 563 Ἱέρωνι
883 485 926 561 τῷ
951 481 1069 558 βασιλεῖ
1090 481 1230 563 συγγενὴς

153 564 195 626 ὢν
217 568 265 628 καὶ
287 567 373 645 φίλος.
414 565 513 639 ‚Huic
545 585 613 629 non
642 577 820 648 repugnat,
855 568 946 647 quod
968 564 1086 630 Cicero
1117 567 1225 646 (Tusc.

151 651 199 724 V,
212 654 264 733 64)
288 671 365 714 eum
384 652 564 714 «humilem
575 653 834 716 homunculum»
846 660 962 724 uocat;
985 671 1064 714 nam
1082 653 1225 734 primum

151 739 263 800 uerba
293 735 462 800 Ciceronis
496 737 798 800 dissimilitudinem
828 736 1046 801 Archimedis
1079 747 1113 800 et
1145 737 1226 800 Dio·

151 822 244 904 nysii
271 822 408 903 tyranni
437 831 605 886 oratorum
634 842 728 886 more
757 822 914 904 augentis
941 825 1126 903 premenda
1158 843 1226 886 non

152 918 247 981 sunt;
278 907 357 970 dein
382 927 450 974 non
476 916 546 970 tam
574 905 620 972 ad
641 927 750 990 genus
773 908 845 970 eius
868 927 969 988 quam
991 910 1036 972 ad
1058 908 1226 972 modicum

152 993 246 1056 uitae
269 993 395 1056 cultum
417 991 612 1067 referenda;
636 993 694 1056 cfr.
718 991 818 1058 Silius
840 993 913 1056 Ital.
937 990 1034 1067 XIV,
1058 1016 1136 1073 343:
1166 1014 1225 1058 nu-

150 1079 218 1140 dus
241 1097 354 1158 opum.
388 1077 573 1142 Hieronem
595 1078 793 1142 mechanica
814 1087 886 1140 arte
909 1078 980 1140 eius
1002 1097 1107 1161 saepe
1128 1099 1225 1142 usum

151 1183 242 1238 esse,
265 1171 344 1244 post
373 1163 571 1228 uidebimus.
615 1163 675 1227 Ad
698 1163 864 1227 Gelonem
889 1163 1011 1228 librum
1034 1167 1078 1228 de
1100 1185 1225 1230 arenae

150 1268 297 1312 numero
319 1249 417 1312 misit.

240 1336 280 1416 3).
325 1333 424 1396 Diod.
441 1331 484 1406 V,
498 1355 555 1414 37:
579 1335 630 1400 οὓς
650 1335 733 1408 (τοὺς
752 1336 882 1418 κοχλίας)
906 1335 1071 1419 Ἀρχιμήδης
1090 1336 1106 1394 ό
1128 1330 1225 1416 Συρα-

152 1420 251 1484 κόσιος
276 1417 372 1499 εὗρεν,
401 1419 449 1479 ὅτε
471 1418 634 1499 παρέβαλεν
656 1421 697 1484 εἰς
716 1418 864 1496 Αἴγυπτον,
897 1421 988 1484 unde
1021 1429 1117 1502 patet
1149 1439 1226 1488 eum

151 1505 363 1585 aliquantum
396 1503 557 1585 temporis
590 1504 636 1568 ibi
669 1505 805 1568 uixisse.
860 1505 899 1568 ln
928 1505 1047 1568 Casirii
1073 1495 1224 1569 biblioth.

148 1589 263 1652 Arab.
287 1589 304 1649 I
325 1610 357 1671 p.
382 1594 443 1668 383
465 1589 582 1652 Arabs
610 1590 724 1652 nescio
754 1590 828 1672 quis
857 1601 984 1665 narrat,
1015 1611 1052 1654 se
1075 1611 1096 1653 a
1118 1589 1226 1672 Copto

151 1676 302 1756 quodam
333 1675 542 1757 cognouisse,
565 1674 808 1738 Archimedem
836 1677 870 1738 in
892 1675 1056 1759 Aegypto
1083 1677 1226 1757 plurima

154 1780 269 1841 opera,
293 1761 386 1823 uelut
407 1771 529 1841 pontes
552 1769 586 1822 et
607 1761 723 1835 moles,
746 1761 917 1824 struxisse.

239 1848 280 1927 4).
324 1846 378 1908 De
401 1845 548 1919 Conone,
572 1845 628 1927 qui
650 1845 883 1909 Alexandriae
911 1848 1061 1928 degebat
1084 1845 1227 1924 (comam

151 1930 338 1993 Berenices
377 1931 482 1994 stellis
522 1931 723 2011 quibusdam
763 1952 886 1995 nomen
919 1931 1102 2014 imposuit),
1140 1931 1226 1994 haec

150 2017 260 2080 habet
287 2015 513 2080 Archimedes
545 2036 577 2098 p.
612 2038 664 2097 17:
691 2018 817 2082 ἀκόοσας
837 2016 953 2077 Κόνωνα
983 2016 1037 2097 μὲν
1066 2019 1226 2098 τετελευτη-

150 2101 246 2172 κέναι,
276 2102 318 2168 ὃς
343 2096 382 2182 ἦν
410 2099 466 2162 ἔτι
493 2103 743 2183 λοιπὸς(λ)ημΐν
766 2101 801 2161 ἐν
824 2103 934 2184 φιλίη,
958 2101 1020 2183 τένη
1043 2101 1077 2161 δὲ
1099 2100 1230 2167 Κόνωνος

148 2185 293 2268 γνώριμον
316 2187 492 2267 γεγενῆσθαι
513 2188 559 2244 καὶ
581 2188 763 2267 γεωμετρίας
783 2189 884 2246 οἰκεῖον
899 2185 984 2267 εἶμεν,
1007 2190 1056 2246 τοῦ
1076 2186 1129 2267 μὲν
1152 2207 1227 2246 τετε-

150 2272 321 2352 λευτηκότος
331 2273 434 2332 εἵνεκεν
446 2271 632 2352 ε’λοπηθημεν.
645 2271 687 2336 ὡς
695 2273 742 2332 καλ
754 2273 835 2352 φίλον
844 2275 893 2334 τοῦ
905 2272 1010 2354 ἀνδρὸς
1020 2272 1173 2352 γενομένου
1181 2273 1228 2332 καὶ

150 2356 183 2416 ἐν
206 2362 266 2421 τοῖς
275 2355 426 2438 μαθήμασι
442 2356 608 2436 θαυμαστοῦ
623 2379 704 2426 τινος,
727 2355 988 2440 ἐπρογειριξάμεθα
1011 2356 1044 2418 δὲ
1067 2357 1232 2418 ἀποστεῖλαί

151 2465 196 2502 τοι
212 2442 384 2522 γράψαντες,
407 2441 605 2506 ὡςΚόνωνι
626 2441 782 2522 γράφειν
806 2439 985 2510 εἰωθότες
1005 2439 1101 2524 ἦμεν,
1118 2463 1226 2522 γεωμε

152 2531 256 2607 τρικιῖνν
285 2527 491 2608 θεωρημάτων,
522 2525 698 2607 ὃπρότερον
724 2527 777 2606 μὲν
805 2525 856 2586 οὐκ
877 2525 910 2607 ἢν
933 2527 1157 2607 τεθεωρημένον,
1181 2529 1225 2586 νῦν

152 2719 202 2762 τος
223 2696 389 2758 ἐκδίδοσθαι
412 2699 502 2756 ταῦτα
525 2695 639 2775 (libros
657 2697 704 2758 de
726 2696 872 2776 sphaera
894 2704 928 2758 et
951 2696 1035 2777 cyl.).
1066 2700 1147 2777 τῆνον
1169 2697 1226 2777 γὰρ

152 2781 389 2862 ὑπολαμβάνομεν
417 2804 468 2842 που
487 2783 611 2862 μάλιστα
640 2779 779 2840 δύνασθαι
801 2785 975 2861 κατανοῆσαι
997 2783 1087 2840 ταῦτα
1109 2783 1156 2842 καλ
1177 2782 1226 2862 τὴν

150 2865 334 2947 ἁρμόζουσαν
357 2866 427 2946 ὑπὲρ
449 2866 542 2928 αὐτῶν
565 2867 720 2946 ἀπόφανσιν
740 2865 922 2946 ποιήσασθαι.
945 2864 982 2930 Ρ.
998 2887 1056 2946 217
1070 2868 1227 2930 laudatur

149 2971 279 3034 magno
303 2971 409 3033 opere
432 2949 580 3014 Cononis
602 2949 822 3033 ingenium.*)
877 2949 966 3013 Hinc
989 2962 1139 3033 apparet,
1163 2952 1225 3016 Co·

149 3057 277 3100 nonem
299 3037 410 3118 potius
440 3037 585 3099 amicum
607 3035 802 3118 sociumque
825 3036 1011 3098 studiorum
1033 3035 1138 3100 fuisse
1160 3037 1226 3100 Ar·

151 3123 316 3185 chimedis
339 3142 441 3203 quam
462 3122 671 3203 magistrum,
701 3130 738 3183 ut
761 3122 841 3185 dicit
861 3121 993 3183 Probus
1023 3121 1057 3183 in
1080 3121 1226 3205 Vergilii

150 3207 269 3289 Eclog.
302 3207 365 3282 III,
401 3217 457 3284 40:
496 3205 540 3270 A.
574 3207 733 3288 quoniam
766 3205 912 3270 Cononis
951 3206 1145 3287 discipulus,
1184 3245 1225 3254 -

151 3293 368 3356 Eratostheni
389 3292 479 3356 misit
501 3293 677 3374 problema
693 3292 905 3365 «bouinum»,
933 3292 1059 3371 dequo
1077 3313 1109 3354 u.
1128 3292 1224 3356 infra.

151 3377 245 3441 Inter
267 3379 393 3442 amicos
415 3383 487 3440 erat
509 3377 611 3440 etiam
632 3377 825 3450 Dositheus,
854 3376 1080 3438 astronomiae
1102 3379 1226 3440 studio-

151 3483 218 3539 suS,
242 3463 296 3526 cui
321 3465 484 3545 pleraque
506 3463 640 3546 scripta,
671 3483 758 3544 quae
787 3461 924 3544 quidem
953 3471 1099 3536 exstant,
1126 3463 1224 3526 misit.

242 3551 280 3630 5).
325 3549 419 3612 Libri
441 3549 460 3610 l.
474 3549 494 3610 l.
517 3567 549 3630 p.
567 3552 627 3610 208
650 3546 878 3629 fragmentum
900 3546 1013 3619 habet,
1037 3567 1083 3608 ex
1105 3548 1226 3610 codici·

151 3635 216 3695 bus
239 3634 407 3706 Leonardi
436 3633 481 3694 da
502 3631 603 3694 Vinci
624 3632 776 3714 petitum,
805 3631 862 3695 ubi
884 3632 928 3693 de
949 3629 1164 3695 Archimedis
1191 3634 1226 3694 in

92 3745 98 3762 ·
151 3718 320 3800 Hispania
338 3720 439 3781 rebus
457 3717 566 3800 gestis
583 3719 628 3779 ad
647 3716 896 3779 similitudinem
908 3714 1114 3780 defensionis
1125 3716 1227 3800 Syra·

151 3824 339 3867 racusanae
361 3802 447 3868 fictis
469 3805 574 3865 multa
594 3811 780 3864 narrantur.

239 3891 277 3970 ὁ).
322 3888 376 3950 De
399 3889 463 3950 hac
486 3908 522 3950 re
545 3885 650 3950 multa
671 3887 777 3949 habet
798 3885 998 3948 Plutarchus
1022 3886 1136 3966 (Marc.
1164 3889 1211 3970 17)
1218 3909 1225 3964 ;

168 4111 540 4232 l4)llumfetitl31}7oolrrgicrt.
566 4117 711 4166 tractasse
739 4117 867 4166 testatur
892 4109 1070 4180 Apollonius
1096 4125 1160 4166 con.
1185 4110 1226 4167 IV

141 4243 145 4248 ⁴
221 4197 313 4250 prae.
334 4196 361 4249 p.
432 4209 507 4232 -.
