2714 4570
607 305 663 380 185

96 531 154 590 μου
170 505 313 574 ,ἐλάσσων
343 507 435 570 ἐοῦσα
462 503 482 591 ἢ
506 509 715 590 μυριοπλασίων
737 514 789 573 τᾶς
809 487 960 591 διαμέτρου
982 517 1035 577 τᾶς
1054 516 1109 592 ρᾶς
1128 513 1174 575 δε-

99 617 215 684 δείκται.
246 616 287 676 δτι
317 615 350 704 δέ
378 615 508 688 ἐλάσσων
538 614 613 676 ἐστὶν
642 615 662 674 ά
689 614 842 697 διάμετρος
859 618 911 676 τοῦ
933 617 1041 699 κόσμου
1062 614 1085 700 ἤ
1106 642 1175 682 στα·

100 725 169 784 δίων
195 723 326 806 μυριάκις
342 723 480 805 μυριάδες
497 720 534 802 μ’,
565 717 722 792 ἐκτούτου
744 721 835 803 δῆλον.
858 721 917 786 ἐπεὶ
939 724 996 806 γὰρ
1020 725 1173 797 ύποκείται,
1218 745 1247 805 3.

100 830 153 891 τδιν
175 831 341 912 περιμετρον
364 835 416 896 τᾶς
436 834 491 910 μᾶς
507 829 547 911 μὴ
570 827 741 911 μειῖονα
713 850 789 912 ειμεν
812 824 834 916 ρ
855 834 1020 914 τριακοσίας
1036 835 1180 918 μυριάδας

100 938 277 1009 σταδίων,
262 959 280 996 α
303 937 336 998 δέ
360 939 528 1020 περίμετρος
547 944 600 1005 τᾶς
620 939 674 1018 γᾶς
691 937 797 1017 μἐιῖων
818 933 936 998 &arist
915 961 932 1021 η
957 941 1105 1023 ’τριπλασία
1127 945 1180 1008 τᾶς

100 1045 256 1130 διαμέτρου
278 1045 374 1106 διὰ
347 1070 379 1106 το
402 1049 506 1114 παντὸς
525 1046 626 1110 κύκλου
648 1049 698 1109 τὰν
720 1048 900 1174 περιφέρειαν
920 1050 1048 1131 μείζονα
1061 1050 1137 1132 εἶμεν
1160 1048 1177 1132 ἢ

101 1153 285 1236 τριπλασίονα
307 1155 359 1217 τᾶς
379 1150 541 1234 διαμέτρου,
564 1151 696 1234 δῆλον,
680 1176 721 1219 ως
741 1153 760 1211 ά
782 1151 935 1234 διάμετρος
954 1177 1006 1220 τας
1025 1159 1100 1236 γᾶς
1097 1155 1217 1218 ἐλάσ-

101 1282 162 1322 σων
188 1259 263 1321 ἐστὶν
286 1257 302 1340 ἢ
325 1261 458 1347 σταδίων
469 1257 498 1342 ρ’
519 1261 666 1343 μυριάδες
688 1255 747 1320 ἐπεὶ
768 1257 817 1320 οὖν
839 1260 858 1320 ά
881 1262 935 1326 τοῦ,
957 1262 1064 1342 κόσμου
1084 1261 1178 1344 διάμε-

102 1391 174 1451 τρος
197 1367 328 1446 ἐλάσσων
355 1367 430 1430 ἐστὶν
463 1364 705 1454 ἢμυριοπλασίων
727 1373 779 1434 τᾶς
800 1366 951 1452 διαμέτρου
973 1373 1026 1436 τᾶς
1045 1373 1116 1450 γᾶς,
1132 1369 1179 1451 δῆ·

103 1479 161 1550 λον,
193 1476 235 1543 ὡς
261 1481 280 1538 ἁ
308 1481 357 1540 τοῦ
390 1479 497 1560 κόσμου
528 1478 681 1560 διάμετρος
701 1475 829 1537 ἐλάσσων
852 1473 925 1538 ἐστὶν
949 1472 966 1559 ἢ
987 1477 1110 1540 σταδίων
1129 1501 1179 1559 μυ·

101 1589 197 1672 μιάκις
219 1589 357 1672 μυριάδες
379 1589 420 1671 ρ’.
442 1627 482 1636 -
506 1590 568 1670 περὶ
586 1588 640 1669 μὲν
663 1590 718 1647 τῶν
737 1586 889 1669 μεγεδέων
911 1588 958 1648 καλ
980 1590 1036 1647 τῶν
1058 1587 1179 1670 ἀποστη-
1211 1642 1212 1650 ,
1223 1621 1252 1678 4,

102 1697 203 1778 μάτων
233 1699 323 1758 ταῦτα
346 1695 518 1778 ύποτιδέμαι·
548 1699 610 1778 περί
633 1696 665 1758 δὲ
688 1700 737 1756 τοῦ
760 1697 876 1779 ψάμμου
899 1696 978 1757 τάδε·
1008 1696 1092 1758 εἲκα
1113 1693 1132 1782 ᾗ
1155 1720 1179 1757 τι

106 1808 287 1887 συγκειμενον
319 1803 449 1886 μέγεθος
479 1799 512 1862 ἐκ
541 1805 590 1864 τοῦ
620 1804 737 1886 ψάμμου
764 1803 803 1885 μὴ
830 1803 931 1885 μεῖζον
958 1805 1102 1884 μάκωνος,
1131 1805 1179 1865 τὸν

108 1914 228 1996 άριδμδν
257 1912 344 1976 αὐτοῦ
370 1911 411 1994 μὴ
434 1911 552 1994 μείζονα
582 1911 656 1992 einer
676 1915 792 1998 μυρίων,
815 1916 862 1974 καὶ
884 1913 934 1974 τὰν
956 1913 1107 1995 διάμετρον
1129 1917 1182 2006 τᾶς

105 2023 242 2104 μάκωνος
264 2020 304 2103 μὴ
332 2019 474 2081 ἐλάσσονα
502 1997 576 2100 eirea
608 2014 925 2105 ἢτετρωκοστομόρων
947 2021 1093 2086 δακτύλου.
1117 2023 1180 2098 tro·
1260 2051 1261 2056 ι

113 2253 182 2310 τρος
202 2235 267 2288 cett
290 2230 403 2288 omissis
425 2228 522 2299 VAD3
550 2249 596 2286 και
617 2227 778 2306 πολυγώνου
800 2229 842 2298 ὅτι
864 2230 914 2288 τοῦ
936 2227 1081 2310 ἑξαγώνου
1102 2228 1180 2309 &yre-

116 2337 227 2396 γραμμι
215 2312 272 2374 ένοο
298 2313 352 2396 μὲν
381 2316 430 2372 τοῦ
459 2309 560 2372 κύκλου
589 2311 640 2394 εἴη.
669 2314 756 2374 καλά
779 2314 931 2416 διάμετρος
952 2315 1025 2378 FBG
1049 2315 1115 2378 Bes.
1139 2314 1179 2386 R;

116 2399 162 2459 καλ
188 2397 429 2480 πολογωνιώτερον
457 2399 506 2456 τοῦ
533 2395 714 2478 έξαρώνουέ
715 2398 927 2482 γγεγραμμένον
947 2399 1001 2482 μὲν
1024 2407 1066 2482 τῷ
1088 2395 1181 2480 κύκλῳ

115 2483 165 2566 εἴη·
193 2483 239 2543 καλ
265 2484 284 2542 ά
313 2483 465 2564 διάμετρος
491 2483 571 2556 WT;
603 2479 653 2542 sed
685 2483 772 2542 ab
743 2505 785 2566 ειη
807 2506 845 2544 κα
866 2485 886 2543 δ
907 2483 1071 2566 διάμετρος
1080 2459 1183 2564 incipit

113 2571 256 2632 sententio
275 2570 446 2630 secundaria
468 2569 504 2626 ad
528 2562 641 2626 ἐπει
609 2589 707 2648 ουνρ.
733 2570 803 2650 184,
829 2573 884 2642 l5·
908 2569 1050 2630 δεδείκται
1071 2570 1127 2652 μορ
1142 2606 1181 2613 -

115 2663 157 2735 τῷ
169 2651 270 2735 κύκλῳ
292 2652 493 2732 parenthetica
514 2661 670 2729 ponuntur.
714 2653 797 2714 Hunc
815 2663 908 2716 totum
928 2655 1031 2730 locum,
1055 2655 1181 2715 nondum

120 2715 246 2801 fortasse
262 2749 344 2800 sanat
345 2760 402 2810 um,
426 2740 500 2815 intp.
523 2739 681 2816 liberrime
704 2743 828 2800 sentent
820 2761 848 2799 ra
871 2749 949 2800 recte
921 2743 1111 2812 tdiuinate‚
1142 2743 1183 2800 sic

118 2825 246 2886 exhibet:
274 2827 487 2900 „cuiuscunque
510 2823 620 2900 figurae
642 2787 797 2884 mirltorum
821 2828 992 2904 angulorum
1013 2827 1148 2884 circulo'
1141 2847 1183 2883 m-

112 2913 250 2989 scriptae,
274 2929 347 2987 quae
368 2909 436 2986 plue
458 2929 543 2986 quam
567 2928 618 2970 sex
636 2909 778 2970 lateribus
797 2918 925 2983 constet3
949 2933 1014 2972 eum
1030 2911 1183 2986 hexagono

109 2997 256 3073 inscripto
285 2997 315 3052 in
343 2991 450 3052 circulo
480 2995 637 3054 diametros
669 2996 769 3071 circuli
785 3004 836 3059 est
824 2955 944 3055 ttertia
966 3018 1035 3074 pers
1058 2995 1183 3056 ambitus

109 3083 205 3160 ipsius
244 3079 397 3153 hexagoni,
432 3079 489 3137 erit
520 3087 554 3138 ut
576 3063 733 3144 diametros
766 3083 866 3140 mundi
899 3089 986 3145 cett!
1045 3081 1184 3142 Similiter

108 3165 226 3226 Comm.
282 3161 407 3223 ἐλάττων
429 3182 528 3224 omnes
584 3166 610 3225 l.
633 3162 758 3224 ἐλάττων
780 3185 887 3228 omnes.
932 3170 983 3232 τᾶς
1003 3171 1058 3246 γᾶς
1078 3164 1185 3224 δεδείκ

107 3272 167 3310 ται·
196 3248 240 3308 ὅτι
269 3248 302 3310 δὲ
331 3247 461 3308 ἐλάσσων
489 3246 563 3307 ἐστιν
590 3249 608 3307 ἁ
639 3248 791 3332 διάμετρος
816 3270 869 3326 ego
891 3253 1102 3330 suppleui,r
1058 3251 1111 3310 cfr.
1134 3249 1184 3321 lv,

107 3340 167 3412 11;
193 3339 247 3401 τᾶς
266 3338 321 3415 γᾶς
341 3331 500 3394 ἐλάττων
486 3334 560 3393 εστιν
572 3333 644 3407 WT
668 3357 723 3396 om.
747 3337 840 3406 codd.
863 3336 898 3408 Β,
922 3337 971 3414 qui
994 3344 1109 3396 tantum
1131 3357 1185 3414 pro

105 3445 162 3481 του
195 3419 304 3503 κόσμου
330 3420 380 3478 lin.
412 3422 430 3480 2
462 3411 533 3478 coni.
564 3423 616 3484 τάς
642 3424 739 3565 ρᾶςώ
747 3419 905 3480 Aberrauit
931 3417 1067 3482 librarius
1091 3442 1107 3479 a
1130 3419 1186 3478 δια

99 3505 223 3590 μέτρου
245 3507 282 3564 ad
305 3503 463 3584 διάμετρος.
507 3507 537 3565 4
560 3503 622 3582 τδιν]
646 3503 693 3564 τὸν
715 3504 884 3566 FPDBas
902 3505 1001 3586 τδνΟ.
1043 3503 1187 3585 μεῖζονλ).

103 3597 135 3654 5.
164 3591 241 3658 Post
262 3589 423 3649 σταδίων
416 3597 555 3650 insertum
586 3579 689 3649 ἐστιν
682 3612 710 3650 m
734 3581 838 3650 FACD
862 3590 926 3651 Bas.
949 3589 1024 3670 εἶμεν
1046 3587 1072 3648 R
1095 3583 1185 3660 exii,

103 3679 162 3738 ubi
178 3673 255 3735 ἐστιν
278 3675 377 3734 eadem
401 3695 489 3734 manu
510 3677 540 3732 in
563 3673 638 3754 εἶμεν
660 3683 803 3735 mutatum
822 3682 878 3733 eet
905 3676 960 3739 del.
980 3674 1051 3738 WT.
1099 3669 1186 3756 ἦσαν.

103 3761 197 3823 FCD
228 3759 294 3819 Bae.
351 3761 379 3825 7
404 3761 570 3840 τριπλασίων
601 3760 705 3820 FACD
736 3759 802 3821 Bae.
858 3759 900 3826 ὡς
924 3783 979 3822 om.
1013 3761 1081 3824 Bae
1115 3760 1187 3827 WT.

102 3845 244 3908 ἐλάττων
263 3865 375 3909 omnes·
418 3843 594 3926 δμυριάδες
611 3865 673 3920 ego
693 3843 839 3952 μυριάδων
858 3866 965 3908 omnes.
1012 3847 1094 3906 9.λ
1064 3843 1188 3906 ἐλάττων

101 3951 228 3996 omnes
265 3933 312 3992 10.
330 3927 454 3990 ἐλάττων
473 3951 581 3990 omnes.
618 3932 665 3990 11.
684 3930 749 4010 περὶ
764 3929 802 4010 μὲ
788 3953 818 3990 ν
835 3932 890 3990 τῶν
904 3929 1055 4014 μερεδέων
1068 3930 1188 4007 scripsi:

98 4017 163 4101 μὲν
192 4013 249 4074 τῶν
271 4037 326 4074 om.
358 4034 465 4075 omnes.
511 4017 577 4094 τῶν]
608 4020 658 4074 τᾶν
684 4037 760 4078 corr.
790 4018 820 4074 in
844 4016 962 4088 τῶνΒ,
985 4017 1023 4078 id.
1048 4036 1104 4091 mg.
1128 4035 1190 4120 περι
1259 4069 1263 4080 .

74 4127 162 4188 ,του
142 4099 309 4182 άάμμου.
339 4103 383 4164 13
393 4099 636 4180 μειζωνΑΟΒΒλ
660 4099 726 4160 Bas
772 4099 851 4165 14
834 4117 915 4180 σιαμε
911 4061 1032 4182 τρουΙ).
1079 4105 1126 4162 15.
1137 4099 1189 4180 μά-

101 4208 203 4261 κογος
232 4185 298 4244 Bas.
330 4187 370 4243 F.
362 4186 376 4228 ‘³
406 4182 544 4244 ἐλάττονα
572 4205 681 4246 omres.
728 4186 1005 4269 ττερωκοστομάριον
1037 4209 1101 4244 eum
1130 4185 1165 4246 Αι
